2813 4718
770 290 1684 398 unisonas:
2096 284 2278 437 ᾖς’

711 513 1151 600 Eurum
1194 502 1790 639 L1'2Lva11:

457 710 548 789 N.
583 712 959 785 Tremellio
974 758 995 794 ,
1014 711 1302 788 ‘tribuno
1334 715 1579 812 plebis,
1613 716 1859 790 mulssa
1884 715 2061 796 dian
2083 721 2178 796 est
2192 733 2222 815 ᾗ

462 811 657 908 quod
693 833 856 883 cum
883 815 976 882 M.
1008 812 1283 884 AEmilio
1309 809 1577 908 Lepido
1598 863 1619 896 ‚
1648 815 1974 912 pontifice
2006 818 2223 894 maxi-

287 931 432 988 mo,
476 905 790 998 injuriose
819 910 1307 982 contenderat:
1349 915 1845 1009 sacrorumque
1876 915 2224 1013 magistra·

292 1026 469 1078 tuum
498 1008 608 1099 jus
648 1005 1000 1101 potentius
1021 1002 1172 1078 fuit.
1267 1009 1411 1078 Lex
1439 1007 1526 1079 de
1548 1008 1808 1080 ambitu
1842 1013 1992 1085 lata.
2091 1019 2227 1086 Lu·

285 1101 486 1176 strum
512 1127 552 1178 a
578 1101 968 1174 censoribus
998 1100 1364 1177 conditum
1399 1101 1511 1178 est.
1558 1103 1769 1179 Censa
1794 1103 1942 1180 sunt
1971 1108 2222 1184 civium

280 1199 496 1296 capita
519 1217 825 1291 trecenta
851 1199 917 1270 vi
964 1199 1092 1271 inti
1117 1201 1280 1270 οᾶο
1325 1201 1529 1273 millia
1559 1218 1858 1277 trecenta
1895 1226 2224 1302 quatuor-

277 1296 520 1369 decim.
573 1295 889 1391 Princeps
930 1315 1170 1370 enatus
1193 1298 1400 1370 leetus
1418 1298 1720 1371 AEmilius
1748 1301 2061 1396 Lepidus.
2111 1311 2227 1367 In.

264 1401 381 1467 *ter
393 1394 796 1466 Ptolemaeos
820 1393 1087 1479 fratres,
1117 1395 1235 1490 qui
1262 1393 1698 1479 diffidebant,
1724 1394 1895 1472 foedt

266 1500 360 1563 ut
399 1493 568 1562 alter
594 1491 664 1561 in
697 1494 1035 1590 AEgypto‚
1086 1494 1252 1565 alter
1283 1493 1567 1587 Cyrenis
1598 1515 1895 1591 regnaret

273 1589 437 1662 thes
472 1635 497 1671 ,
544 1589 994 1684 Cappadociae
1022 1613 1138 1663 rex
1167 1636 1190 1671 ‚
1239 1589 1517 1662 confilio
1544 1592 1872 1665 Demetrii

279 1686 395 1759 riae
429 1693 501 1756 δι
530 1685 780 1758 viribus
827 1683 1053 1783 pulsus
1097 1708 1308 1782 regno
1333 1733 1356 1770 ‚
1405 1708 1445 1759 a
1473 1684 1697 1760 senatu
1744 1689 1894 1761 resti

284 1779 484 1856 Miffi
524 1804 566 1854 a
609 1777 836 1856 senatu
860 1831 880 1863 ,
927 1784 1063 1879 qui,
1089 1782 1263 1856 inter
1305 1782 1715 1857 Masaniffam
1744 1791 1812 1857 &
1861 1786 1895 1860 (

271 1875 556 1952 aienses
583 1881 666 1952 de
697 1902 864 1978 agro
888 1879 1296 1970 judicarent.
1393 1880 1474 1953 C.
1508 1881 1816 1956 Marcius
1845 1907 1895 1956 c«

278 1973 542 2052 versum
577 1980 922 2051 Dalmatas
968 1999 1211 2073 parum
1251 1976 1561 2071 prospere
1605 1981 1895 2075 primum

278 2072 575 2147 *feliciter
598 2075 934 2170 pugnavit.
967 2097 1126 2147 curn
1151 2072 1398 2172 quibus
1418 2073 1592 2146 bello
1616 2073 2030 2169 confligem„
2049 2121 2230 2149 ..am-

280 2166 348 2246 sa
373 2168 508 2242 fuit
530 2215 552 2248 2
599 2170 795 2266 quod·
818 2171 1156 2269 myrices,
1202 2169 1437 2265 populi
1469 2168 1772 2242 Romani
1794 2166 2012 2246 socios
2036 2220 2060 2255 ‚
2111 2196 2229 2248 va-

275 2266 643 2342 staverant.
672 2267 1084 2363 eandemque
1107 2286 1380 2363 gentem
1409 2263 1765 2340 Cornelius
1785 2269 2029 2342 Nasica
2063 2293 2229 2345 con-

272 2362 383 2439 ful
420 2362 710 2436 domuit.
804 2364 1250 2467 QOpimius
1283 2359 1506 2436 consul
1542 2364 1986 2464 transalpinos
2016 2369 2227 2467 Ligu-

281 2485 434 2545 reS,
465 2460 591 2558 qui
613 2460 1110 2535 Maffilienfium
1134 2462 1389 2558 oppida
1421 2462 1799 2560 Antipolim
1838 2470 1902 2535 &
1933 2466 2230 2544 Nicaeam

285 2558 636 2635 vastabant
653 2612 675 2639 ,
719 2559 999 2656 subegit.
1060 2563 1371 2633 Praeterea
1394 2560 1593 2633 resin
1621 2560 1935 2656 Hispania
1961 2583 2002 2636 a
2029 2586 2230 2637 com-

279 2655 604 2755 pluribus
628 2678 865 2751 parum
896 2653 1202 2753 prospere
1250 2654 1464 2753 gestas
1493 2657 1815 2730 continet.
1887 2655 2232 2732 ‘Consules

271 2769 482 2839 ssmno
528 2755 1064 2849 quingentesimo
1109 2732 1546 2849 nonagesimo
1602 2755 1844 2826 oaavo
1903 2754 1991 2826 ab
2058 2757 2230 2831 urbe

283 2849 580 2925 condita
619 2852 1069 2948 magistratum
1092 2898 1116 2932 ‚
1160 2849 1444 2945 peraffls
1485 2848 1782 2922 comitiis
1807 2897 1831 2932 ‚
1878 2846 2232 2948 insequen-

290 2946 505 3046 tisque
526 2948 694 3019 anni
718 2948 1097 3023 consulibus
1125 2948 1395 3025 creatis,
1440 2945 1609 3017 inire'
1640 2965 2015 3036 coeperunt.
2065 2948 2233 3021 Mu·

294 3043 494 3119 tandi
518 3046 795 3119 comifia
816 3041 1038 3116 caussa
1065 3039 1192 3113 fuit
1216 3087 1238 3120 ,
1284 3040 1480 3135 quod
1516 3037 1787 3133 Hispani
1810 3039 2233 3117 rebellabant.

299 3139 597 3240 Legati,
643 3144 732 3214 ad
766 3135 1274 3307 discfiptandum
1310 3136 1484 3207 inter
1506 3132 1924 3211 Masaniffam
1966 3145 2034 3211 δε
2068 3144 2243 3216 Car«

297 3236 757 3336 “rhaginienses
802 3235 895 3308 mi
987 3285 1009 3319 ‚
1059 3231 1532 3310 nuntiaverunt
1559 3281 1579 3313 ,
1628 3232 1763 3307 vim
1788 3238 2035 3312 navalis
2081 3261 2231 3316 ma.

307 3343 488 3412 teriae
513 3334 595 3409 =se
623 3334 1034 3431 Carthagine
1085 3328 1604 3427 deprehendisse.
1658 3331 1940 3429 Aliquot
1986 3353 2230 3430 praeto-
2318 3428 2323 3432 ⁸

303 3459 474 3606 ress.v
499 3454 543 3506 a
567 3433 930 3537 provinciis
955 3429 1234 3533 avaritiae
1265 3427 1539 3533 nomine
1562 3428 1848 3535 accusati
1874 3477 1899 3517 ,
1946 3429 2233 3532 damna:

308 3551 366 3608 tl
419 3548 567 3606 unt·
1421 3561 1425 3567 '

2028 3792 2235 3891 3,ἒέ
