2813 4718
655 363 819 435 90⁸
1320 327 2006 420 filiurn-onsu-

646 438 906 524 citum,
951 431 1060 506 cui
1087 430 1409 507 Vatinius
1434 443 1703 527 praeerat
1727 477 1748 508 ,
1795 451 1954 510 cum
1985 428 2431 527 provincia-in
2459 460 2581 536 po-

641 530 946 605 testatem
974 529 1148 603 suam
1177 530 1439 625 redigit.
1512 530 1594 600 C.
1621 524 1851 601 Caesari
1883 575 1906 610 ,
1952 527 2071 623 qui
2110 531 2368 623 primus
2389 534 2582 610 :Rei-

446 699 467 730 s
598 629 927 724 --publicae‘
945 649 1129 699 arma
1158 625 1511 720 sumpserat
1529 674 1550 708 ,
1577 625 2004 719 propraetoris
2030 626 2389 721 imperium
2414 653 2458 704 a
2484 633 2580 708 se-

626 741 804 797 'natu
836 728 1066 798 datum
1096 724 1190 795 est
1224 746 1383 796 cum
1421 722 1871 796 consularibus
1897 726 2348 808 ornamentis,
2390 728 2577 819 adje-

598 847 603 852 ·
637 824 992 918 &umqum
1042 841 1118 894 ut
1145 817 1401 893 senator
1433 817 1631 892 effer.
1675 823 1767 889 M.
1799 819 2137 892 Antonius
2162 824 2566 902 DAErutum

632 919 921 1016 Mutinae
933 919 1193 991 obsedit
1212 963 1234 996 ‚
1292 918 1585 1013 miffique
1616 907 1704 985 ad
1732 936 1888 985 eum
1914 917 2113 1011 legati
2136 937 2176 990 a
2219 916 2445 993 senatu
2475 926 2563 1000 de

627 1036 830 1110 pace,
859 1039 1093 1111 parum
1123 1013 1209 1088 ad
1241 1034 1398 1098 eam
1426 1013 1972 1105 componendam
2008 1017 2381 1089 valuerunt.
2429 1020 2569 1093 Po-

622 1115 827 1207 pulus
869 1112 1234 1185 Romanus
1277 1109 1421 1205 saga
1451 1106 1738 1203 sumpsit.
1816 1108 1927 1186 M.
1959 1113 2209 1184 Brutus
2241 1111 2312 1183 in
2344 1113 2564 1209 Epiro

624 1208 711 1281 C.
744 1209 1117 1281 Antonium
1165 1226 1514 1306 praetorem
1539 1254 1565 1291 ,
1628 1227 1787 1280 cum
1833 1207 2138 1282 exercitu
2162 1255 2204 1292 ,·
2234 1211 2559 1308 potestati

622 1301 748 1378 suae
770 1303 1059 1396 subjecit.

1088 1417 1515 1562 Eumne
1562 1465 1671 1542 Lx
1698 1494 1761 1542 B.
1806 1425 2085 1542 CXIX.

618 1675 625 1683 ‹
827 1631 1207 1710 Trebonius
1234 1632 1302 1705 in
1326 1632 1501 1717 Afia,
1527 1628 1757 1707 fraude
1784 1633 1856 1705 P.
1872 1629 2258 1720 Dolabellae,
2283 1630 2546 1722 occisus

598 1789 603 1792 -
784 1786 801 1805 .
837 1733 950 1805 est·
980 1733 1077 1804 ob
1102 1733 1170 1808 id
1210 1730 1472 1806 facinus
1503 1731 1857 1806 Dolabella
1886 1726 2093 1802 hostis
2118 1750 2158 1803 a
2183 1728 2407 1816 senatu
2432 1733 2545 1825 ju-

588 1826 884 1912 ..dicatus
898 1825 1029 1916 est.
1087 1836 1327 1916 Quum
1352 1824 1551 1903 Pansa
1585 1824 1837 1901 Consul
1874 1830 2040 1900 male
2067 1825 2375 1902 adversus
2401 1836 2546 1904 An-
2681 1903 2684 1910 .

592 1926 880 2004 renium
896 1999 901 2002 ,
918 1923 1260 2023 pugnasset
1288 1971 1308 2004 2
1357 1930 1440 1998 A.
1464 1924 1726 1999 Hirtius
1764 1923 2015 1997 Consul
2052 1944 2208 1995 cum
2244 1925 2543 2001 exercitu

590 2023 1069 2118 superveniens
1102 2072 1126 2107 ‚
1182 2020 1341 2096 fufis
1384 2027 1480 2106 M.
1533 2020 1816 2095 Antonii
1862 2020 2080 2114 copiis
2108 2067 2130 2101 ,
2194 2018 2538 2106 fortunam

608 2118 953 2217 utriusque
979 2118 1190 2217 partis
1215 2122 1514 2217 aequavit.
1557 2121 1794 2197 νίἃιιε
1822 2115 2069 2210 deinde
2094 2117 2181 2191 ab
2209 2118 2435 2202 Hirtio
2466 2128 2539 2194 δε

592 2214 855 2297 ,caesare
880 2219 1223 2290 Antonius
1252 2264 1276 2299 ‚
1327 2219 1398 2287 in
1429 2215 1716 2292 Galliam
1744 2212 2056 2311 confugit
2086 2244 2112 2294 ‚-
2161 2222 2228 2306 δι
2261 2216 2373 2293 Μ.
2399 2218 2536 2289 Le-
2606 2284 2612 2290 .

602 2313 847 2407 pidum
895 2334 1049 2384 cum
1096 2311 1521 2408 legionibus,
1586 2338 1731 2410 quae
1776 2313 1894 2387 sub
1939 2310 2083 2407 ipso
2126 2332 2311 2390 erant
2344 2361 2367 2393 .
2409 2313 2537 2389 fibi

590 2409 828 2499 iunxit
858 2436 880 2491 ς
924 2408 1258 2505 hostisque
1286 2431 1327 2484 a
1349 2405 1578 2495 senatu
1614 2434 1768 2495 cum
1793 2410 2113 2483 omnibus
2145 2458 2168 2491 ‚
2213 2409 2329 2507 qui
2353 2410 2532 2503 intra

598 2504 1059 2602 praefidia'ejus
1084 2525 1275 2578 erant
1305 2554 1326 2588 ,
1372 2507 1712 2594 judicatus
1731 2507 1845 2582 est.
1943 2507 2023 2579 A.
2054 2506 2311 2581 Hirtius
2333 2555 2357 2590 ‚
2403 2510 2528 2604 qui

590 2603 747 2698 post
780 2602 1129 2681 vifioriam
1160 2601 1313 2697 ipsis
1342 2603 1413 2673 in
1448 2602 1739 2675 hostium
1769 2602 1991 2676 castris
2019 2603 2353 2699 ceciderat
2385 2652 2409 2687 ‚
2455 2613 2528 2681 δι

597 2702 670 2771 1..
704 2698 905 2781 Pansa
930 2703 1260 2779 evulnere
1287 2744 1307 2783 ‚
1356 2701 1548 2794 quod
1579 2701 1646 2774 in
1686 2699 1952 2773 adverso
1988 2699 2214 2796 praelio
2240 2722 2528 2797 excepe-

534 2808 537 2811 ’
586 2814 730 2879 rat,
781 2794 1168 2881 defunctu&
1216 2796 1286 2865 in
1314 2818 1560 2888 campo
1588 2797 1852 2881 Mar-tio
1883 2795 2113 2893 sepulti
2137 2798 2309 2873 wsunt.
2377 2800 2525 2875 Ad·

466 2975 473 2982 ⁸
591 2893 811 2968 versus
836 2893 916 2973 C.
936 2891 1276 2980 Caesarem‚
1311 2895 1430 2989 qui
1459 2892 1633 2967 {olus
1658 2917 1696 2965 e
1727 2894 1944 2967 tribus
1974 2894 2265 2970 ducibus
2297 2893 2519 2992 super-

593 3010 739 3067 erat
765 3041 785 3073 ‚
814 3013 1049 3087 parum
1078 3007 1305 3085 gratus
1332 2996 1589 3066 lenatus
1619 2989 1778 3066 fuit:
1824 2991 1979 3087 qui,
2020 2989 2110 3067 D.
2141 2979 2352 3085 Bruto
2378 2991 2515 3065 ob·-

556 3084 844 3159 .fidione
864 3087 1220 3165 Mutinenfi
1249 3109 1288 3160 a
1322 3085 1564 3164 Caesare
1594 3088 1876 3162 liberato
1904 3137 1927 3171 ,
1973 3089 2234 3167 honore
2270 3087 2517 3160 trium-

586 3180 708 3276 phi
751 3181 1028 3256 decreto
1055 3231 1078 3264 ‚
1120 3182 1388 3258 Caesaris
1436 3185 1863 3279 militumque
1905 3185 2051 3276 ejus
2098 3187 2520 3269 mentionem

584 3299 729 3355 uon
761 3276 911 3367 satis
937 3282 1191 3374 gratam
1217 3279 1446 3355 habuit
1483 3307 1500 3350 z
1537 3282 1646 3377 ,ob
1682 3305 1828 3378 quae
1855 3286 1939 3354 C.
1972 3278 2183 3365 Caesar
2207 3331 2229 3365 ,
2278 3304 2518 3373 recong

584 3374 808 3448 ciliata
836 3398 958 3470 per
988 3382 1080 3448 M.
1111 3376 1613 3470 Lepidum-cum
1636 3384 1728 3451 M.
1751 3376 2056 3452 Antonio
2079 3376 2323 3474 gratia2
2351 3382 2510 3473 Ro·-

580 3495 760 3546 mam
791 3495 948 3545 cum
976 3471 1269 3546 exercitu
1286 3473 1501 3571 =venit.
1523 3478 1589 3543 &
1609 3475 1918 3570 perculsis
1939 3476 2231 3549 adventu
2252 3476 2398 3569 ejus
2416 3475 2507 3551 iis

574 3570 696 3662 qui
725 3569 793 3640 in
826 3566 1244 3665 euin-iniqui
1273 3586 1460 3640 erant
1485 3615 1508 3650 ‚
1557 3592 1712 3645 cum
1758 3594 2002 3649 anuos.
2026 3573 2505 3653 novemdecim

573 3664 906 3765 haberet,
947 3665 1173 3751 consul
1201 3683 1459 3753 creatus
1487 3663 1629 3759 est„

2271 3914 2496 4038 aaz}
