<?xml version="1.0" encoding="UTF-8"?>
<!DOCTYPE html PUBLIC "-//W3C//DTD XHTML 1.0 Transitional//EN"
    "http://www.w3.org/TR/xhtml1/DTD/xhtml1-transitional.dtd">
<html xmlns="http://www.w3.org/1999/xhtml" xml:lang="en" lang="en">
 <head>
  <title>
</title>
<meta http-equiv="Content-Type" content="text/html;charset=utf-8" />
  <meta name='ocr-system' content='tesseract 3.04.00' />
  <meta name='ocr-capabilities' content='ocr_page ocr_carea ocr_par ocr_line ocrx_word'/>
</head>
<body>
  <div class='ocr_page' id='page_1' title='image "./epitomeererumro00florgoog_0019.png"; bbox 0 0 2813 4718; ppageno 0'>
   <div class='ocr_carea' id='block_1_1' title="bbox 691 302 2143 406">
    <p class='ocr_par' dir='ltr' id='par_1_1' title="bbox 691 302 2143 406">
     <span class='ocr_line' id='line_1_1' title="bbox 691 302 2143 406; baseline 0.001 -27"><span class='ocrx_word' id='word_1_1' title='bbox 691 302 1618 406; x_wconf 56' lang='lat' dir='ltr'>HistoMAn.</span> <span class='ocrx_word' id='word_1_2' title='bbox 2045 312 2143 400; x_wconf 72' lang='lat' dir='ltr'>rtj</span> 
     </span>
    </p>
   </div>
   <div class='ocr_carea' id='block_1_2' title="bbox 741 466 1627 545">
    <p class='ocr_par' dir='ltr' id='par_1_2' title="bbox 741 466 1627 545">
     <span class='ocr_line' id='line_1_2' title="bbox 741 466 1627 545; baseline 0.008 -7"><span class='ocrx_word' id='word_1_3' title='bbox 741 466 1168 539; x_wconf 62' lang='lat' dir='ltr'>Eurotan</span> <span class='ocrx_word' id='word_1_4' title='bbox 1218 470 1396 544; x_wconf 73' lang='lat' dir='ltr'>Lu.</span> <span class='ocrx_word' id='word_1_5' title='bbox 1444 472 1627 545; x_wconf 84' lang='lat' dir='ltr'><strong>VII.</strong></span> 
     </span>
    </p>
   </div>
   <div class='ocr_carea' id='block_1_3' title="bbox 196 602 2200 4014">
    <p class='ocr_par' dir='ltr' id='par_1_3' title="bbox 196 602 2200 3989">
     <span class='ocr_line' id='line_1_3' title="bbox 390 602 2159 708; baseline 0.001 -26"><span class='ocrx_word' id='word_1_6' title='bbox 390 612 529 682; x_wconf 86' lang='lat' dir='ltr'>&#39;Uo</span> <span class='ocrx_word' id='word_1_7' title='bbox 556 603 721 680; x_wconf 90' lang='lat' dir='ltr'>novi</span> <span class='ocrx_word' id='word_1_8' title='bbox 751 602 1172 703; x_wconf 87' lang='lat' dir='ltr'>magistratus</span> <span class='ocrx_word' id='word_1_9' title='bbox 1197 604 1433 694; x_wconf 62' lang='lat' dir='ltr'>adjecti</span> <span class='ocrx_word' id='word_1_10' title='bbox 1466 602 1648 687; x_wconf 80' lang='lat' dir='ltr'>sunt3</span> <span class='ocrx_word' id='word_1_11' title='bbox 1675 622 1962 708; x_wconf 83' lang='lat' dir='ltr'>praetura</span> <span class='ocrx_word' id='word_1_12' title='bbox 1987 614 2053 682; x_wconf 70' lang='grc' dir='ltr'>ὃ(</span> <span class='ocrx_word' id='word_1_13' title='bbox 2075 635 2159 684; x_wconf 77' lang='lat' dir='ltr'>ae·</span> 
     </span>
     <span class='ocr_line' id='line_1_4' title="bbox 196 622 2161 793; baseline 0.002 -15"><span class='ocrx_word' id='word_1_14' title='bbox 196 622 384 793; x_wconf 85' lang='lat' dir='ltr'>D</span> <span class='ocrx_word' id='word_1_15' title='bbox 408 706 631 779; x_wconf 83' lang='lat' dir='ltr'>dilitas</span> <span class='ocrx_word' id='word_1_16' title='bbox 642 702 916 778; x_wconf 86' lang='lat' dir='ltr'>curulis.</span> <span class='ocrx_word' id='word_1_17' title='bbox 964 700 1343 778; x_wconf 83' lang='lat' dir='ltr'>Pestilentia</span> <span class='ocrx_word' id='word_1_18' title='bbox 1353 702 1586 778; x_wconf 83' lang='lat' dir='ltr'>civitas</span> <span class='ocrx_word' id='word_1_19' title='bbox 1612 705 1964 786; x_wconf 87' lang='lat' dir='ltr'>laboravit,</span> <span class='ocrx_word' id='word_1_20' title='bbox 1978 728 2161 780; x_wconf 87' lang='lat' dir='ltr'>eam-</span> 
     </span>
     <span class='ocr_line' id='line_1_5' title="bbox 200 797 2164 906; baseline 0.001 -29"><span class='ocrx_word' id='word_1_21' title='bbox 200 829 350 906; x_wconf 85' lang='lat' dir='ltr'>que</span> <span class='ocrx_word' id='word_1_22' title='bbox 387 802 709 899; x_wconf 86' lang='lat' dir='ltr'>infignem</span> <span class='ocrx_word' id='word_1_23' title='bbox 744 797 905 872; x_wconf 89' lang='lat' dir='ltr'>fecit</span> <span class='ocrx_word' id='word_1_24' title='bbox 931 821 1117 874; x_wconf 87' lang='lat' dir='ltr'>mors</span> <span class='ocrx_word' id='word_1_25' title='bbox 1157 799 1335 876; x_wconf 86' lang='lat' dir='ltr'>Furii</span> <span class='ocrx_word' id='word_1_26' title='bbox 1366 798 1687 884; x_wconf 87' lang='lat' dir='ltr'>Camilli,</span> <span class='ocrx_word' id='word_1_27' title='bbox 1731 801 1928 892; x_wconf 79' lang='lat' dir='ltr'>cujus</span> <span class='ocrx_word' id='word_1_28' title='bbox 1951 826 2164 879; x_wconf 87' lang='lat' dir='ltr'>reme-</span> 
     </span>
     <span class='ocr_line' id='line_1_6' title="bbox 206 896 2164 995; baseline -0.002 -18"><span class='ocrx_word' id='word_1_29' title='bbox 206 906 400 978; x_wconf 83' lang='lat' dir='ltr'>&#39;dium</span> <span class='ocrx_word' id='word_1_30' title='bbox 425 909 489 973; x_wconf 88' lang='lat'>&amp;</span> <span class='ocrx_word' id='word_1_31' title='bbox 519 897 677 974; x_wconf 87' lang='lat' dir='ltr'>finis</span> <span class='ocrx_word' id='word_1_32' title='bbox 700 920 923 994; x_wconf 87' lang='lat' dir='ltr'>quum</span> <span class='ocrx_word' id='word_1_33' title='bbox 950 918 1072 993; x_wconf 87' lang='lat' dir='ltr'>per</span> <span class='ocrx_word' id='word_1_34' title='bbox 1104 918 1316 971; x_wconf 86' lang='lat' dir='ltr'>novas</span> <span class='ocrx_word' id='word_1_35' title='bbox 1339 896 1699 994; x_wconf 81' lang='lat' dir='ltr'>religiones</span> <span class='ocrx_word' id='word_1_36' title='bbox 1732 921 2164 995; x_wconf 85' lang='lat' dir='ltr'>quaereretur,</span> 
     </span>
     <span class='ocr_line' id='line_1_7' title="bbox 214 991 2166 1091; baseline -0.002 -18"><span class='ocrx_word' id='word_1_37' title='bbox 214 1000 356 1073; x_wconf 83' lang='lat' dir='ltr'>ludi</span> <span class='ocrx_word' id='word_1_38' title='bbox 389 996 618 1072; x_wconf 77' lang='lat' dir='ltr'>scenici</span> <span class='ocrx_word' id='word_1_39' title='bbox 652 1013 823 1068; x_wconf 85' lang='lat' dir='ltr'>tunc</span> <span class='ocrx_word' id='word_1_40' title='bbox 862 996 1157 1091; x_wconf 86' lang='lat' dir='ltr'>primum</span> <span class='ocrx_word' id='word_1_41' title='bbox 1187 991 1347 1067; x_wconf 64' lang='lat' dir='ltr'>facti</span> <span class='ocrx_word' id='word_1_42' title='bbox 1380 992 1549 1066; x_wconf 88' lang='lat' dir='ltr'>sunt.</span> <span class='ocrx_word' id='word_1_43' title='bbox 1646 1001 1883 1085; x_wconf 82' lang='lat' dir='ltr'>Quum</span> <span class='ocrx_word' id='word_1_44' title='bbox 1915 997 2064 1078; x_wconf 82' lang='lat' dir='ltr'>dies</span> <span class='ocrx_word' id='word_1_45' title='bbox 2089 1002 2166 1079; x_wconf 79' lang='lat' dir='ltr'>L.</span> 
     </span>
     <span class='ocr_line' id='line_1_8' title="bbox 221 1090 2166 1190; baseline -0.001 -21"><span class='ocrx_word' id='word_1_46' title='bbox 221 1096 468 1179; x_wconf 82' lang='lat' dir='ltr'>Manlio</span> <span class='ocrx_word' id='word_1_47' title='bbox 510 1095 692 1166; x_wconf 66' lang='lat' dir='ltr'>diffl</span> <span class='ocrx_word' id='word_1_48' title='bbox 734 1090 892 1166; x_wconf 84' lang='lat' dir='ltr'>effet</span> <span class='ocrx_word' id='word_1_49' title='bbox 936 1112 979 1164; x_wconf 87' lang='lat' dir='ltr'>a</span> <span class='ocrx_word' id='word_1_50' title='bbox 1017 1096 1114 1165; x_wconf 92' lang='grc' dir='ltr'>Μ.</span> <span class='ocrx_word' id='word_1_51' title='bbox 1161 1091 1555 1184; x_wconf 81' lang='lat' dir='ltr'>Pomponio</span> <span class='ocrx_word' id='word_1_52' title='bbox 1597 1091 1877 1165; x_wconf 84' lang='lat' dir='ltr'>tribuno</span> <span class='ocrx_word' id='word_1_53' title='bbox 1917 1095 2166 1190; x_wconf 90' lang='lat' dir='ltr'>plebis,</span> 
     </span>
     <span class='ocr_line' id='line_1_9' title="bbox 220 1189 2169 1296; baseline -0.001 -28"><span class='ocrx_word' id='word_1_54' title='bbox 220 1213 492 1296; x_wconf 83' lang='lat' dir='ltr'>propter</span> <span class='ocrx_word' id='word_1_55' title='bbox 535 1190 870 1263; x_wconf 56' lang='lat' dir='ltr'>delectum</span> <span class='ocrx_word' id='word_1_56' title='bbox 898 1189 1161 1265; x_wconf 84' lang='lat' dir='ltr'>·acerbe</span> <span class='ocrx_word' id='word_1_57' title='bbox 1199 1189 1425 1263; x_wconf 60' lang='lat' dir='ltr'>aaum</span> <span class='ocrx_word' id='word_1_58' title='bbox 1457 1237 1482 1271; x_wconf 90' lang='lat'>,</span> <span class='ocrx_word' id='word_1_59' title='bbox 1528 1196 1596 1262; x_wconf 86' lang='lat'>&amp;</span> <span class='ocrx_word' id='word_1_60' title='bbox 1622 1192 1701 1262; x_wconf 88' lang='grc' dir='ltr'>Τ.</span> <span class='ocrx_word' id='word_1_61' title='bbox 1734 1194 2061 1268; x_wconf 82' lang='lat' dir='ltr'>Manlium</span> <span class='ocrx_word' id='word_1_62' title='bbox 2083 1190 2169 1266; x_wconf 80' lang='lat' dir='ltr'>fi-</span> 
     </span>
     <span class='ocr_line' id='line_1_10' title="bbox 213 1283 2167 1387; baseline -0.001 -23"><span class='ocrx_word' id='word_1_63' title='bbox 213 1293 388 1371; x_wconf 81' lang='lat' dir='ltr'>lium</span> <span class='ocrx_word' id='word_1_64' title='bbox 427 1337 447 1369; x_wconf 89' lang='lat'>,</span> <span class='ocrx_word' id='word_1_65' title='bbox 490 1291 859 1385; x_wconf 84' lang='lat' dir='ltr'>relegatum</span> <span class='ocrx_word' id='word_1_66' title='bbox 882 1285 1019 1360; x_wconf 87' lang='lat' dir='ltr'>fine</span> <span class='ocrx_word' id='word_1_67' title='bbox 1046 1288 1189 1359; x_wconf 92' lang='lat' dir='ltr'>ullo</span> <span class='ocrx_word' id='word_1_68' title='bbox 1224 1283 1504 1358; x_wconf 88' lang='lat' dir='ltr'>crimine</span> <span class='ocrx_word' id='word_1_69' title='bbox 1533 1285 1983 1367; x_wconf 53' lang='lat' dir='ltr'>{adolescens</span> <span class='ocrx_word' id='word_1_70' title='bbox 2005 1290 2167 1387; x_wconf 88' lang='lat' dir='ltr'>ipse,</span> 
     </span>
     <span class='ocr_line' id='line_1_11' title="bbox 208 1381 2167 1488; baseline 0.002 -29"><span class='ocrx_word' id='word_1_71' title='bbox 208 1388 412 1488; x_wconf 82' lang='lat' dir='ltr'>cujus</span> <span class='ocrx_word' id='word_1_72' title='bbox 449 1385 782 1482; x_wconf 83' lang='lat' dir='ltr'>relegatio</span> <span class='ocrx_word' id='word_1_73' title='bbox 821 1384 990 1480; x_wconf 85' lang='lat' dir='ltr'>patri</span> <span class='ocrx_word' id='word_1_74' title='bbox 1029 1381 1482 1473; x_wconf 84' lang='lat' dir='ltr'>objiciebatur</span> <span class='ocrx_word' id='word_1_75' title='bbox 1505 1433 1531 1467; x_wconf 88' lang='lat'>,</span> <span class='ocrx_word' id='word_1_76' title='bbox 1575 1385 1756 1458; x_wconf 88' lang='lat' dir='ltr'>venit</span> <span class='ocrx_word' id='word_1_77' title='bbox 1778 1385 1851 1458; x_wconf 90' lang='lat' dir='ltr'>in</span> <span class='ocrx_word' id='word_1_78' title='bbox 1883 1385 2167 1469; x_wconf 61' lang='lat' dir='ltr'>cubicuss</span> 
     </span>
     <span class='ocr_line' id='line_1_12' title="bbox 204 1478 2170 1579; baseline -0.001 -22"><span class='ocrx_word' id='word_1_79' title='bbox 204 1486 355 1560; x_wconf 84' lang='lat' dir='ltr'>lum</span> <span class='ocrx_word' id='word_1_80' title='bbox 378 1484 640 1557; x_wconf 86' lang='lat' dir='ltr'>tribuni</span> <span class='ocrx_word' id='word_1_81' title='bbox 670 1530 692 1567; x_wconf 88' lang='lat'>,</span> <span class='ocrx_word' id='word_1_82' title='bbox 749 1480 1110 1579; x_wconf 67' lang='lat' dir='ltr'>striflnque</span> <span class='ocrx_word' id='word_1_83' title='bbox 1154 1478 1382 1578; x_wconf 86' lang='lat' dir='ltr'>gladio</span> <span class='ocrx_word' id='word_1_84' title='bbox 1420 1481 1651 1579; x_wconf 68' lang='lat' dir='ltr'>coegit</span> <span class='ocrx_word' id='word_1_85' title='bbox 1672 1505 1825 1556; x_wconf 88' lang='lat' dir='ltr'>eum</span> <span class='ocrx_word' id='word_1_86' title='bbox 1865 1485 1936 1558; x_wconf 88' lang='lat' dir='ltr'>in</span> <span class='ocrx_word' id='word_1_87' title='bbox 1961 1488 2170 1564; x_wconf 80' lang='lat' dir='ltr'>verba</span> 
     </span>
     <span class='ocr_line' id='line_1_13' title="bbox 205 1577 2174 1690; baseline 0.003 -34"><span class='ocrx_word' id='word_1_88' title='bbox 205 1581 328 1658; x_wconf 81' lang='lat' dir='ltr'>sua</span> <span class='ocrx_word' id='word_1_89' title='bbox 358 1581 586 1670; x_wconf 80' lang='lat' dir='ltr'>jurare&#39;</span> <span class='ocrx_word' id='word_1_90' title='bbox 608 1630 634 1664; x_wconf 89' lang='lat'>,</span> <span class='ocrx_word' id='word_1_91' title='bbox 696 1581 866 1652; x_wconf 90' lang='lat' dir='ltr'>Non</span> <span class='ocrx_word' id='word_1_92' title='bbox 905 1577 1471 1676; x_wconf 85' lang='lat' dir='ltr'>perseveraturum</span> <span class='ocrx_word' id='word_1_93' title='bbox 1509 1578 1571 1653; x_wconf 88' lang='lat' dir='ltr'>se</span> <span class='ocrx_word' id='word_1_94' title='bbox 1602 1581 2174 1690; x_wconf 46' lang='lat' dir='ltr'>in0accusatione.</span> 
     </span>
     <span class='ocr_line' id='line_1_14' title="bbox 206 1672 2173 1779; baseline -0.002 -26"><span class='ocrx_word' id='word_1_95' title='bbox 206 1685 416 1753; x_wconf 88' lang='lat' dir='ltr'>Tunc</span> <span class='ocrx_word' id='word_1_96' title='bbox 444 1678 684 1752; x_wconf 86' lang='lat' dir='ltr'>omnia</span> <span class='ocrx_word' id='word_1_97' title='bbox 709 1675 995 1773; x_wconf 86' lang='lat' dir='ltr'>pretiosa</span> <span class='ocrx_word' id='word_1_98' title='bbox 1021 1672 1205 1757; x_wconf 72' lang='lat' dir='ltr'>mifl&#39;a</span> <span class='ocrx_word' id='word_1_99' title='bbox 1239 1673 1489 1749; x_wconf 87' lang='lat' dir='ltr'>suntin</span> <span class='ocrx_word' id='word_1_100' title='bbox 1523 1694 1869 1774; x_wconf 89' lang='lat' dir='ltr'>patentem</span> <span class='ocrx_word' id='word_1_101' title='bbox 1898 1682 2173 1779; x_wconf 83' lang='lat' dir='ltr'>voragi-</span> 
     </span>
     <span class='ocr_line' id='line_1_15' title="bbox 214 1772 2171 1879; baseline 0.001 -29"><span class='ocrx_word' id='word_1_102' title='bbox 214 1801 378 1861; x_wconf 85' lang='lat' dir='ltr'>nem</span> <span class='ocrx_word' id='word_1_103' title='bbox 411 1775 603 1867; x_wconf 85' lang='lat' dir='ltr'>urbis</span> <span class='ocrx_word' id='word_1_104' title='bbox 657 1774 918 1856; x_wconf 70' lang='lat' dir='ltr'>Romae.</span> <span class='ocrx_word' id='word_1_105' title='bbox 941 1775 1013 1848; x_wconf 85' lang='lat' dir='ltr'>in</span> <span class='ocrx_word' id='word_1_106' title='bbox 1054 1796 1204 1851; x_wconf 89' lang='lat' dir='ltr'>eam</span> <span class='ocrx_word' id='word_1_107' title='bbox 1240 1772 1519 1847; x_wconf 87' lang='lat' dir='ltr'>Curtius</span> <span class='ocrx_word' id='word_1_108' title='bbox 1553 1794 1852 1852; x_wconf 88' lang='lat' dir='ltr'>armatus</span> <span class='ocrx_word' id='word_1_109' title='bbox 1890 1799 2072 1879; x_wconf 88' lang='lat' dir='ltr'>equo</span> <span class='ocrx_word' id='word_1_110' title='bbox 2105 1777 2171 1858; x_wconf 77' lang='lat' dir='ltr'>se</span> 
     </span>
     <span class='ocr_line' id='line_1_16' title="bbox 214 1870 2173 1979; baseline 0.001 -30"><span class='ocrx_word' id='word_1_111' title='bbox 214 1872 701 1979; x_wconf 84' lang='lat' dir='ltr'>praecipitavit,</span> <span class='ocrx_word' id='word_1_112' title='bbox 735 1895 945 1970; x_wconf 85' lang='lat' dir='ltr'>eaque</span> <span class='ocrx_word' id='word_1_113' title='bbox 969 1873 1233 1968; x_wconf 85' lang='lat' dir='ltr'>expleta</span> <span class='ocrx_word' id='word_1_114' title='bbox 1245 1870 1358 1945; x_wconf 87' lang='lat' dir='ltr'>est.</span> <span class='ocrx_word' id='word_1_115' title='bbox 1367 1875 1446 1943; x_wconf 85' lang='lat' dir='ltr'>T.</span> <span class='ocrx_word' id='word_1_116' title='bbox 1457 1874 1744 1948; x_wconf 87' lang='lat' dir='ltr'>Manlius</span> <span class='ocrx_word' id='word_1_117' title='bbox 1765 1873 2173 1961; x_wconf 80' lang='lat' dir='ltr'>adolescens,</span> 
     </span>
     <span class='ocr_line' id='line_1_17' title="bbox 215 1970 2175 2071; baseline -0.005 -24"><span class='ocrx_word' id='word_1_118' title='bbox 215 1974 330 2071; x_wconf 90' lang='lat' dir='ltr'>qui</span> <span class='ocrx_word' id='word_1_119' title='bbox 364 1990 634 2068; x_wconf 86' lang='lat' dir='ltr'>patrem</span> <span class='ocrx_word' id='word_1_120' title='bbox 665 1992 708 2043; x_wconf 92' lang='lat' dir='ltr'>a</span> <span class='ocrx_word' id='word_1_121' title='bbox 733 1970 1112 2044; x_wconf 85' lang='lat' dir='ltr'>Tribunitia</span> <span class='ocrx_word' id='word_1_122' title='bbox 1138 1970 1496 2043; x_wconf 84' lang='lat' dir='ltr'>vexatione</span> <span class='ocrx_word' id='word_1_123' title='bbox 1520 1970 1917 2048; x_wconf 83' lang='lat' dir='ltr'>liberaverat</span> <span class='ocrx_word' id='word_1_124' title='bbox 1938 2022 1960 2058; x_wconf 89' lang='lat'>,</span> <span class='ocrx_word' id='word_1_125' title='bbox 2003 1997 2175 2053; x_wconf 70' lang='lat' dir='ltr'>con-</span> 
     </span>
     <span class='ocr_line' id='line_1_18' title="bbox 218 2065 2177 2162; baseline -0.001 -18"><span class='ocrx_word' id='word_1_126' title='bbox 218 2089 323 2146; x_wconf 82' lang='lat' dir='ltr'>tra</span> <span class='ocrx_word' id='word_1_127' title='bbox 349 2070 643 2146; x_wconf 86' lang='lat' dir='ltr'>Gallum</span> <span class='ocrx_word' id='word_1_128' title='bbox 677 2084 1163 2162; x_wconf 85' lang='lat' dir='ltr'>provocantem</span> <span class='ocrx_word' id='word_1_129' title='bbox 1201 2065 1497 2161; x_wconf 83' lang='lat' dir='ltr'>aliquem</span> <span class='ocrx_word' id='word_1_130' title='bbox 1544 2090 1628 2147; x_wconf 84' lang='lat' dir='ltr'>ex</span> <span class='ocrx_word' id='word_1_131' title='bbox 1659 2066 1987 2145; x_wconf 84' lang='lat' dir='ltr'>militibus</span> <span class='ocrx_word' id='word_1_132' title='bbox 2023 2073 2177 2145; x_wconf 88' lang='lat' dir='ltr'>Ro-</span> 
     </span>
     <span class='ocr_line' id='line_1_19' title="bbox 230 2161 2174 2262; baseline 0 -22"><span class='ocrx_word' id='word_1_133' title='bbox 230 2167 474 2248; x_wconf 83' lang='lat' dir='ltr'>manis,</span> <span class='ocrx_word' id='word_1_134' title='bbox 500 2166 577 2237; x_wconf 89' lang='lat' dir='ltr'>in</span> <span class='ocrx_word' id='word_1_135' title='bbox 600 2164 923 2262; x_wconf 77' lang='lat' dir='ltr'>singulare</span> <span class='ocrx_word' id='word_1_136' title='bbox 949 2183 1286 2237; x_wconf 82' lang='lat' dir='ltr'>certarnen</span> <span class='ocrx_word' id='word_1_137' title='bbox 1316 2161 1691 2247; x_wconf 85' lang='lat' dir='ltr'>descendit,</span> <span class='ocrx_word' id='word_1_138' title='bbox 1716 2164 1920 2259; x_wconf 87' lang='lat' dir='ltr'>eique</span> <span class='ocrx_word' id='word_1_139' title='bbox 1946 2162 2174 2248; x_wconf 83' lang='lat' dir='ltr'>occiso</span> 
     </span>
     <span class='ocr_line' id='line_1_20' title="bbox 240 2256 2177 2359; baseline 0.002 -25"><span class='ocrx_word' id='word_1_140' title='bbox 240 2266 559 2358; x_wconf 77' lang='lat' dir='ltr'>&#39;torquem</span> <span class='ocrx_word' id='word_1_141' title='bbox 588 2281 868 2340; x_wconf 78' lang='lat' dir='ltr'>aureum</span> <span class='ocrx_word' id='word_1_142' title='bbox 897 2259 1228 2335; x_wconf 72' lang='lat' dir='ltr'>detraxitz</span> <span class='ocrx_word' id='word_1_143' title='bbox 1255 2283 1464 2357; x_wconf 83' lang='lat' dir='ltr'>quem</span> <span class='ocrx_word' id='word_1_144' title='bbox 1492 2256 1623 2355; x_wconf 87' lang='lat' dir='ltr'>ipse</span> <span class='ocrx_word' id='word_1_145' title='bbox 1644 2260 1871 2359; x_wconf 86' lang='lat' dir='ltr'>postea</span> <span class='ocrx_word' id='word_1_146' title='bbox 1899 2263 2177 2359; x_wconf 47' lang='lat' dir='ltr'>tulin&amp;</span> 
     </span>
     <span class='ocr_line' id='line_1_21' title="bbox 233 2357 2178 2454; baseline 0.001 -20"><span class='ocrx_word' id='word_1_147' title='bbox 233 2383 308 2434; x_wconf 83' lang='lat' dir='ltr'>ex</span> <span class='ocrx_word' id='word_1_148' title='bbox 325 2385 412 2433; x_wconf 90' lang='lat' dir='ltr'>eo</span> <span class='ocrx_word' id='word_1_149' title='bbox 424 2365 830 2454; x_wconf 85' lang='lat' dir='ltr'>Torquatus</span> <span class='ocrx_word' id='word_1_150' title='bbox 850 2357 942 2432; x_wconf 89' lang='lat' dir='ltr'>est</span> <span class='ocrx_word' id='word_1_151' title='bbox 967 2378 1424 2454; x_wconf 84' lang='lat' dir='ltr'>nuncupatus.</span> <span class='ocrx_word' id='word_1_152' title='bbox 1469 2358 1641 2433; x_wconf 84' lang='lat' dir='ltr'>Duae</span> <span class='ocrx_word' id='word_1_153' title='bbox 1666 2361 1884 2442; x_wconf 85' lang='lat' dir='ltr'>tribus</span> <span class='ocrx_word' id='word_1_154' title='bbox 1909 2362 2178 2443; x_wconf 82' lang='lat' dir='ltr'>additae,</span> 
     </span>
     <span class='ocr_line' id='line_1_22' title="bbox 227 2455 2176 2555; baseline 0.002 -23"><span class='ocrx_word' id='word_1_155' title='bbox 227 2459 557 2538; x_wconf 84' lang='lat' dir='ltr'>Pomtina</span> <span class='ocrx_word' id='word_1_156' title='bbox 579 2465 644 2534; x_wconf 71' lang='grc' dir='ltr'>ἃ</span> <span class='ocrx_word' id='word_1_157' title='bbox 677 2455 990 2530; x_wconf 88' lang='lat' dir='ltr'>Publicia.</span> <span class='ocrx_word' id='word_1_158' title='bbox 1039 2457 1344 2529; x_wconf 88' lang='lat' dir='ltr'>Licinius</span> <span class='ocrx_word' id='word_1_159' title='bbox 1375 2461 1564 2530; x_wconf 88' lang='lat' dir='ltr'>Stolo</span> <span class='ocrx_word' id='word_1_160' title='bbox 1588 2461 1732 2554; x_wconf 86' lang='lat' dir='ltr'>lege</span> <span class='ocrx_word' id='word_1_161' title='bbox 1758 2460 1849 2533; x_wconf 88' lang='lat' dir='ltr'>ab</span> <span class='ocrx_word' id='word_1_162' title='bbox 1876 2456 2016 2555; x_wconf 87' lang='lat' dir='ltr'>ipso</span> <span class='ocrx_word' id='word_1_163' title='bbox 2040 2463 2176 2540; x_wconf 82' lang='lat' dir='ltr'>lata</span> 
     </span>
     <span class='ocr_line' id='line_1_23' title="bbox 223 2552 2178 2655; baseline 0.001 -26"><span class='ocrx_word' id='word_1_164' title='bbox 223 2555 608 2630; x_wconf 84' lang='lat' dir='ltr'>damnatus</span> <span class='ocrx_word' id='word_1_165' title='bbox 635 2552 728 2626; x_wconf 90' lang='lat' dir='ltr'>est</span> <span class='ocrx_word' id='word_1_166' title='bbox 754 2602 777 2637; x_wconf 92' lang='lat'>,</span> <span class='ocrx_word' id='word_1_167' title='bbox 823 2556 1015 2649; x_wconf 90' lang='lat' dir='ltr'>quod</span> <span class='ocrx_word' id='word_1_168' title='bbox 1045 2556 1194 2649; x_wconf 89' lang='lat' dir='ltr'>plus</span> <span class='ocrx_word' id='word_1_169' title='bbox 1227 2555 1620 2653; x_wconf 86' lang='lat' dir='ltr'>quingentis</span> <span class='ocrx_word' id='word_1_170' title='bbox 1657 2556 2000 2654; x_wconf 85' lang='lat' dir='ltr'>jugeribus</span> <span class='ocrx_word' id='word_1_171' title='bbox 2032 2557 2178 2655; x_wconf 87' lang='lat' dir='ltr'>agri</span> 
     </span>
     <span class='ocr_line' id='line_1_24' title="bbox 224 2651 2179 2761; baseline 0.002 -37"><span class='ocrx_word' id='word_1_172' title='bbox 224 2653 609 2761; x_wconf 78' lang='lat' dir='ltr'>poffideret.</span> <span class='ocrx_word' id='word_1_173' title='bbox 658 2658 750 2724; x_wconf 89' lang='grc' dir='ltr'>Μ.</span> <span class='ocrx_word' id='word_1_174' title='bbox 774 2651 1078 2724; x_wconf 85' lang='lat' dir='ltr'>Valerius</span> <span class='ocrx_word' id='word_1_175' title='bbox 1101 2651 1418 2725; x_wconf 88' lang='lat' dir='ltr'>tribunus</span> <span class='ocrx_word' id='word_1_176' title='bbox 1441 2654 1726 2728; x_wconf 85' lang='lat' dir='ltr'>militum</span> <span class='ocrx_word' id='word_1_177' title='bbox 1741 2700 1765 2734; x_wconf 92' lang='lat'>,</span> <span class='ocrx_word' id='word_1_178' title='bbox 1809 2655 2113 2737; x_wconf 75' lang='lat' dir='ltr'>Gallum,</span> <span class='ocrx_word' id='word_1_179' title='bbox 2134 2674 2179 2728; x_wconf 81' lang='lat' dir='ltr'>a</span> 
     </span>
     <span class='ocr_line' id='line_1_25' title="bbox 226 2748 2200 2854; baseline 0 -31"><span class='ocrx_word' id='word_1_180' title='bbox 226 2775 381 2854; x_wconf 89' lang='lat' dir='ltr'>quo</span> <span class='ocrx_word' id='word_1_181' title='bbox 425 2767 846 2847; x_wconf 86' lang='lat' dir='ltr'>provocatus</span> <span class='ocrx_word' id='word_1_182' title='bbox 874 2767 1055 2828; x_wconf 88' lang='lat' dir='ltr'>erat,</span> <span class='ocrx_word' id='word_1_183' title='bbox 1099 2748 1424 2821; x_wconf 86' lang='lat' dir='ltr'>insidente</span> <span class='ocrx_word' id='word_1_184' title='bbox 1452 2752 1644 2846; x_wconf 85' lang='lat' dir='ltr'>galeae</span> <span class='ocrx_word' id='word_1_185' title='bbox 1671 2773 1917 2831; x_wconf 85' lang='lat' dir='ltr'>corvo,</span> <span class='ocrx_word' id='word_1_186' title='bbox 1961 2756 2031 2823; x_wconf 77' lang='grc' dir='ltr'>δι</span> <span class='ocrx_word' id='word_1_187' title='bbox 2051 2757 2200 2823; x_wconf 48' lang='grc' dir='ltr'>ἠιμ</span> 
     </span>
     <span class='ocr_line' id='line_1_26' title="bbox 228 2841 2181 2947; baseline -0.001 -28"><span class='ocrx_word' id='word_1_188' title='bbox 228 2849 488 2947; x_wconf 83' lang='lat' dir='ltr'>guibus</span> <span class='ocrx_word' id='word_1_189' title='bbox 512 2843 862 2940; x_wconf 88' lang='lat' dir='ltr'>rostroque</span> <span class='ocrx_word' id='word_1_190' title='bbox 893 2844 1152 2919; x_wconf 88' lang='lat' dir='ltr'>hostem</span> <span class='ocrx_word' id='word_1_191' title='bbox 1185 2841 1571 2931; x_wconf 81' lang='lat' dir='ltr'>infestante,</span> <span class='ocrx_word' id='word_1_192' title='bbox 1604 2847 1980 2930; x_wconf 84' lang='lat' dir='ltr'>interemit,</span> <span class='ocrx_word' id='word_1_193' title='bbox 2012 2854 2181 2928; x_wconf 78' lang='lat' dir='ltr'>&amp;ex</span> 
     </span>
     <span class='ocr_line' id='line_1_27' title="bbox 233 2942 2182 3048; baseline -0.001 -32"><span class='ocrx_word' id='word_1_194' title='bbox 233 2969 329 3017; x_wconf 84' lang='lat' dir='ltr'>eo</span> <span class='ocrx_word' id='word_1_195' title='bbox 361 2944 651 3017; x_wconf 88' lang='lat' dir='ltr'>Corvini</span> <span class='ocrx_word' id='word_1_196' title='bbox 680 2966 935 3016; x_wconf 86' lang='lat' dir='ltr'>nomen</span> <span class='ocrx_word' id='word_1_197' title='bbox 971 2943 1229 3042; x_wconf 87' lang='lat' dir='ltr'>accepit</span> <span class='ocrx_word' id='word_1_198' title='bbox 1263 2969 1282 3012; x_wconf 70' lang='grc' dir='ltr'><em>ε</em></span> <span class='ocrx_word' id='word_1_199' title='bbox 1331 2943 1690 3048; x_wconf 86' lang='lat' dir='ltr'>consulque</span> <span class='ocrx_word' id='word_1_200' title='bbox 1714 2942 2031 3038; x_wconf 75' lang='lat' dir='ltr'>proximo</span> <span class='ocrx_word' id='word_1_201' title='bbox 2055 2967 2182 3026; x_wconf 81' lang='lat' dir='ltr'>an-</span> 
     </span>
     <span class='ocr_line' id='line_1_28' title="bbox 238 3039 2184 3136; baseline -0.004 -21"><span class='ocrx_word' id='word_1_202' title='bbox 238 3065 343 3115; x_wconf 90' lang='lat' dir='ltr'>no</span> <span class='ocrx_word' id='word_1_203' title='bbox 385 3058 653 3116; x_wconf 88' lang='lat' dir='ltr'>creatus</span> <span class='ocrx_word' id='word_1_204' title='bbox 685 3039 779 3113; x_wconf 89' lang='lat' dir='ltr'>est</span> <span class='ocrx_word' id='word_1_205' title='bbox 810 3042 908 3115; x_wconf 91' lang='lat' dir='ltr'>ob</span> <span class='ocrx_word' id='word_1_206' title='bbox 945 3045 1266 3112; x_wconf 87' lang='lat' dir='ltr'>virtutem</span> <span class='ocrx_word' id='word_1_207' title='bbox 1297 3088 1319 3119; x_wconf 88' lang='lat'>,</span> <span class='ocrx_word' id='word_1_208' title='bbox 1367 3063 1587 3136; x_wconf 82' lang='lat' dir='ltr'>quum</span> <span class='ocrx_word' id='word_1_209' title='bbox 1620 3039 2015 3135; x_wconf 75' lang='lat' dir='ltr'>vigesimum</span> <span class='ocrx_word' id='word_1_210' title='bbox 2043 3058 2184 3114; x_wconf 86' lang='lat' dir='ltr'>tet-</span> 
     </span>
     <span class='ocr_line' id='line_1_29' title="bbox 232 3134 2190 3235; baseline 0 -24"><span class='ocrx_word' id='word_1_211' title='bbox 232 3139 416 3212; x_wconf 84' lang='lat' dir='ltr'>tium</span> <span class='ocrx_word' id='word_1_212' title='bbox 452 3158 673 3235; x_wconf 88' lang='lat' dir='ltr'>ageret</span> <span class='ocrx_word' id='word_1_213' title='bbox 704 3160 984 3212; x_wconf 87' lang='lat' dir='ltr'>annum.</span> <span class='ocrx_word' id='word_1_214' title='bbox 1066 3134 1386 3223; x_wconf 79' lang='lat' dir='ltr'>Amicitia</span> <span class='ocrx_word' id='word_1_215' title='bbox 1418 3158 1577 3213; x_wconf 86' lang='lat' dir='ltr'>cum</span> <span class='ocrx_word' id='word_1_216' title='bbox 1627 3138 2190 3235; x_wconf 71' lang='lat' dir='ltr'>Carthaginiensi-</span> 
     </span>
     <span class='ocr_line' id='line_1_30' title="bbox 236 3232 2190 3332; baseline 0.001 -22"><span class='ocrx_word' id='word_1_217' title='bbox 236 3237 380 3310; x_wconf 88' lang='lat' dir='ltr'>bus</span> <span class='ocrx_word' id='word_1_218' title='bbox 417 3237 667 3331; x_wconf 66' lang='lat' dir='ltr'>innota.</span> <span class='ocrx_word' id='word_1_219' title='bbox 763 3232 1098 3331; x_wconf 86' lang='lat' dir='ltr'>Campani</span> <span class='ocrx_word' id='word_1_220' title='bbox 1126 3281 1146 3312; x_wconf 83' lang='lat'>,</span> <span class='ocrx_word' id='word_1_221' title='bbox 1192 3256 1410 3329; x_wconf 87' lang='lat' dir='ltr'>quum</span> <span class='ocrx_word' id='word_1_222' title='bbox 1441 3254 1893 3332; x_wconf 88' lang='lat' dir='ltr'>urgerentura</span> <span class='ocrx_word' id='word_1_223' title='bbox 1924 3237 2190 3313; x_wconf 88' lang='lat' dir='ltr'>Samni-</span> 
     </span>
     <span class='ocr_line' id='line_1_31' title="bbox 239 3329 2192 3432; baseline 0.001 -27"><span class='ocrx_word' id='word_1_224' title='bbox 239 3336 435 3407; x_wconf 87' lang='lat' dir='ltr'>tibus</span> <span class='ocrx_word' id='word_1_225' title='bbox 465 3335 668 3415; x_wconf 85' lang='lat' dir='ltr'>bello,</span> <span class='ocrx_word' id='word_1_226' title='bbox 684 3331 930 3417; x_wconf 79' lang='lat' dir='ltr'>auxilio</span> <span class='ocrx_word' id='word_1_227' title='bbox 952 3329 1258 3404; x_wconf 85' lang='lat' dir='ltr'>adversus</span> <span class='ocrx_word' id='word_1_228' title='bbox 1273 3356 1389 3405; x_wconf 90' lang='lat' dir='ltr'>eos</span> <span class='ocrx_word' id='word_1_229' title='bbox 1406 3354 1448 3416; x_wconf 83' lang='lat' dir='ltr'>a</span> <span class='ocrx_word' id='word_1_230' title='bbox 1464 3330 1690 3407; x_wconf 88' lang='lat' dir='ltr'>senatu</span> <span class='ocrx_word' id='word_1_231' title='bbox 1704 3333 1954 3432; x_wconf 81' lang='lat' dir='ltr'>petit03</span> <span class='ocrx_word' id='word_1_232' title='bbox 1971 3357 2192 3429; x_wconf 78' lang='lat' dir='ltr'>quum</span> 
     </span>
     <span class='ocr_line' id='line_1_32' title="bbox 241 3429 2194 3529; baseline 0.001 -26"><span class='ocrx_word' id='word_1_233' title='bbox 241 3430 322 3504; x_wconf 92' lang='lat' dir='ltr'>id</span> <span class='ocrx_word' id='word_1_234' title='bbox 358 3455 503 3505; x_wconf 86' lang='lat' dir='ltr'>non</span> <span class='ocrx_word' id='word_1_235' title='bbox 534 3431 999 3527; x_wconf 87' lang='lat' dir='ltr'>impetrarent,</span> <span class='ocrx_word' id='word_1_236' title='bbox 1044 3429 1278 3503; x_wconf 87' lang='lat' dir='ltr'>urbem</span> <span class='ocrx_word' id='word_1_237' title='bbox 1310 3448 1518 3528; x_wconf 89' lang='lat' dir='ltr'>atque</span> <span class='ocrx_word' id='word_1_238' title='bbox 1538 3454 1742 3529; x_wconf 86' lang='lat' dir='ltr'>agros</span> <span class='ocrx_word' id='word_1_239' title='bbox 1764 3435 2019 3529; x_wconf 89' lang='lat' dir='ltr'>populo</span> <span class='ocrx_word' id='word_1_240' title='bbox 2048 3433 2194 3516; x_wconf 53' lang='lat' dir='ltr'>Ros-</span> 
     </span>
     <span class='ocr_line' id='line_1_33' title="bbox 224 3527 2195 3627; baseline 0.002 -28"><span class='ocrx_word' id='word_1_241' title='bbox 224 3536 465 3600; x_wconf 77' lang='lat' dir='ltr'>‘mano</span> <span class='ocrx_word' id='word_1_242' title='bbox 491 3527 918 3602; x_wconf 86' lang='lat' dir='ltr'>dediderunt.</span> <span class='ocrx_word' id='word_1_243' title='bbox 953 3527 1049 3600; x_wconf 91' lang='lat' dir='ltr'>ob</span> <span class='ocrx_word' id='word_1_244' title='bbox 1073 3550 1282 3624; x_wconf 86' lang='lat' dir='ltr'>quam</span> <span class='ocrx_word' id='word_1_245' title='bbox 1310 3528 1600 3601; x_wconf 84' lang='lat' dir='ltr'>cauffam</span> <span class='ocrx_word' id='word_1_246' title='bbox 1627 3552 1705 3602; x_wconf 90' lang='lat' dir='ltr'>ea</span> <span class='ocrx_word' id='word_1_247' title='bbox 1723 3584 1742 3612; x_wconf 91' lang='lat'>,</span> <span class='ocrx_word' id='word_1_248' title='bbox 1831 3553 1930 3612; x_wconf 72' lang='lat' dir='ltr'>uae</span> <span class='ocrx_word' id='word_1_249' title='bbox 1954 3531 2195 3627; x_wconf 83' lang='lat' dir='ltr'>populi</span> 
     </span>
     <span class='ocr_line' id='line_1_34' title="bbox 244 3620 2195 3714; baseline 0.002 -16"><span class='ocrx_word' id='word_1_250' title='bbox 244 3625 554 3700; x_wconf 86' lang='lat' dir='ltr'>Romani</span> <span class='ocrx_word' id='word_1_251' title='bbox 578 3623 750 3701; x_wconf 63' lang='lat' dir='ltr'>fazsta</span> <span class='ocrx_word' id='word_1_252' title='bbox 771 3620 1012 3704; x_wconf 81' lang='lat' dir='ltr'>effent,</span> <span class='ocrx_word' id='word_1_253' title='bbox 1059 3622 1337 3697; x_wconf 87' lang='lat' dir='ltr'>defendi</span> <span class='ocrx_word' id='word_1_254' title='bbox 1369 3627 1548 3697; x_wconf 89' lang='lat' dir='ltr'>bello</span> <span class='ocrx_word' id='word_1_255' title='bbox 1577 3627 1781 3700; x_wconf 88' lang='lat' dir='ltr'>adver</span> <span class='ocrx_word' id='word_1_256' title='bbox 1808 3650 1888 3714; x_wconf 79' lang='lat' dir='ltr'>us</span> <span class='ocrx_word' id='word_1_257' title='bbox 1920 3625 2195 3714; x_wconf 82' lang='lat' dir='ltr'>Samni-</span> 
     </span>
     <span class='ocr_line' id='line_1_35' title="bbox 241 3722 2195 3820; baseline -0.002 -20"><span class='ocrx_word' id='word_1_258' title='bbox 241 3739 354 3800; x_wconf 84' lang='lat' dir='ltr'>tes</span> <span class='ocrx_word' id='word_1_259' title='bbox 384 3724 659 3820; x_wconf 86' lang='lat' dir='ltr'>placuit.</span> <span class='ocrx_word' id='word_1_260' title='bbox 710 3729 952 3816; x_wconf 82' lang='lat' dir='ltr'>Qum</span> <span class='ocrx_word' id='word_1_261' title='bbox 977 3722 1066 3794; x_wconf 89' lang='lat' dir='ltr'>ab</span> <span class='ocrx_word' id='word_1_262' title='bbox 1099 3725 1182 3794; x_wconf 84' lang='lat' dir='ltr'>A.</span> <span class='ocrx_word' id='word_1_263' title='bbox 1199 3722 1522 3795; x_wconf 88' lang='lat' dir='ltr'>Cornelio</span> <span class='ocrx_word' id='word_1_264' title='bbox 1545 3722 1807 3797; x_wconf 88' lang='lat' dir='ltr'>consule</span> <span class='ocrx_word' id='word_1_265' title='bbox 1824 3725 2195 3806; x_wconf 89' lang='lat' dir='ltr'>exercitus,</span> 
     </span>
     <span class='ocr_line' id='line_1_36' title="bbox 230 3817 2198 3989; baseline 0 -93"><span class='ocrx_word' id='word_1_266' title='bbox 230 3817 322 3917; x_wconf 69' lang='lat' dir='ltr'>in</span> <span class='ocrx_word' id='word_1_267' title='bbox 347 3821 660 3925; x_wconf 69' lang='lat' dir='ltr'>iniquum</span> <span class='ocrx_word' id='word_1_268' title='bbox 684 3823 914 3926; x_wconf 69' lang='lat' dir='ltr'>locutu</span> <span class='ocrx_word' id='word_1_269' title='bbox 941 3817 1308 3923; x_wconf 58' lang='lat' dir='ltr'>deduQuS,</span> <span class='ocrx_word' id='word_1_270' title='bbox 1331 3819 1405 3893; x_wconf 88' lang='lat' dir='ltr'>in</span> <span class='ocrx_word' id='word_1_271' title='bbox 1434 3840 1685 3922; x_wconf 86' lang='lat' dir='ltr'>magno</span> <span class='ocrx_word' id='word_1_272' title='bbox 1712 3819 2198 3989; x_wconf 62' lang='lat' dir='ltr'>discrimint}eii·</span> 
     </span>
    </p>

    <p class='ocr_par' dir='ltr' id='par_1_4' title="bbox 710 3933 2186 4014">
     <span class='ocr_line' id='line_1_37' title="bbox 710 3933 2186 4014; baseline 0.004 -6"><span class='ocrx_word' id='word_1_273' title='bbox 710 3975 719 3980; x_wconf 93' lang='lat'><strong>·</strong></span> <span class='ocrx_word' id='word_1_274' title='bbox 806 3963 811 3967; x_wconf 84' lang='lat'><strong>·</strong></span> <span class='ocrx_word' id='word_1_275' title='bbox 2086 3933 2186 4014; x_wconf 61' lang='lat'>5¹³³</span> 
     </span>
    </p>
   </div>
  </div>
 </body>
</html>
