2813 4718
659 311 746 378 66
1015 377 1019 382 ,
1319 301 1382 371 E
1428 321 1467 372 ι’
1510 321 1541 370 1
1593 318 1638 370 τ
1683 322 1731 372 o
1779 322 1833 369 M
1879 296 1969 368 ι’

659 397 885 474 hostes
906 397 1250 493 erupisset,
1289 405 1355 468 δι
1373 446 1394 480 ,
1420 397 1518 468 ob
1540 417 1692 467 eum
1722 391 2108 478 succeffum3
2155 412 2488 492 aequatum
2512 397 2585 473 ei
2685 395 2691 411 ²

663 520 821 570 cum
847 495 929 568 C.
952 498 1170 570 Mario
1202 491 1359 583 effer
1387 491 1782 590 imperium,
1823 491 2218 565 temerarius
2243 492 2489 577 fastus,
2515 501 2592 568 &ff

666 591 1160 667 circumventus
1187 586 1479 674 insidiis,
1524 586 1672 661 fuso
1702 589 1995 660 exercitu
2024 589 2287 662 cecidit.
2309 630 2312 633 -
2337 595 2410 663 L.
2435 591 2591 663 Cat-'-

661 687 762 765 sar
791 690 1020 762 consul
1048 688 1325 770 feliciter
1352 705 1590 761 contra
1620 685 1951 758 Samnites
1971 687 2425 784 pugnavit.ob
2438 697 2589 761 eam'

666 785 1017 858 vietoriam
1040 785 1282 860 Romae
1313 782 1462 881 saga
1488 781 1699 879 posita
1728 781 1918 863 sunt,
1965 787 2072 861 δι,
2121 801 2199 855 ut
2229 785 2408 858 vatia
2436 783 2586 856 belli
2717 841 2725 846 .

667 879 944 968 fortuna
973 883 1126 956 effet
1151 930 1174 964 ,
1224 878 1518 953 AEsernia
1548 878 1817 950 colonia
1852 901 2003 950 cum
2034 878 2161 950 M(
2175 881 2490 954 Marcello
2520 881 2590 951 in

669 980 1075 1077 potestatem
1104 978 1496 1054 Samnitium
1523 975 1725 1047 venit.
1816 975 1956 1047 Sed
1982 978 2058 1047 C.
2090 975 2339 1049 Marius
2370 978 2593 1072 ptaefio

665 1075 920 1165 Marsos
943 1075 1137 1150 fudit.
1185 1075 1396 1148 Herio
1424 1071 1682 1151 Afinio,
1730 1092 2002 1168 praetore
2034 1074 2593 1158 Marrucinorum,-

667 1173 890 1341 ggciso
921 1222 946 1256 ,
991 1172 1076 1245 C.
1103 1168 1412 1248 Caecilius
1432 1169 1503 1244 in
1550 1170 1765 1244 Gallia
1798 1167 2197 1267 transalpina
2219 1171 2473 1246 salvios
2498 1194 2600 1244 re·-

756 1271 988 1344 llant'es
1008 1269 1183 1343 vicit.
1230 1315 1233 1317 -
1929 1295 1932 1300 ·
2357 1312 2367 1317 —
2576 1306 2578 1310 Α

1113 1438 1525 1511 Eia-rom
1571 1431 1750 1514 Lu.
1802 1430 2159 1524 LXXIV.
2250 1488 2255 1493 -

675 1557 838 1726 C
859 1557 950 1630 N.
977 1556 1342 1654 Pompeius
1366 1558 1684 1631 Picentes
1706 1558 1929 1650 praelio
1954 1555 2132 1629 fudit
2152 1610 2171 1637 ,
2221 1553 2581 1648 &obsedie

851 1671 1127 1751 propter
1159 1678 1365 1750 quam
1391 1654 1731 1727 vietoriam
1762 1657 1993 1727 Roma:
2022 1673 2347 1749 ptaetextae
2377 1702 2403 1736 ‚
2444 1657 2585 1728 alia-

670 1768 804 1842 que
851 1752 1344 1847 magistratuum
1392 1771 1786 1824 ornamenta
1828 1759 1895 1822 &
1956 1751 2238 1848 insignia
2273 1799 2296 1832 ‚
2342 1747 2595 1848 sumpta

670 1843 847 1915 sunt&
888 1851 969 1920 C.
1003 1849 1258 1920 Marius
1282 1864 1442 1919 cum
1468 1848 1699 1920 Martis,
1715 1847 1931 1934 dubio
1968 1866 2213 1921 eventu
2246 1849 2582 1943 pugnavit.

669 1938 997 2015 Libertini
1014 1962 1156 2033 tum
1187 1945 1480 2038 primum
1504 1945 1785 2018 militare
1801 1964 2167 2041 coeperunt.
2219 1948 2435 2017 Aulus
2450 1949 2585 2017 Plo·

667 2037 807 2110 tius
846 2046 1106 2137 legatus
1156 2041 1471 2114 Umbros
1503 2089 1525 2122 ‚
1572 2046 1642 2112 L.
1671 2042 1949 2115 Porcius
1996 2062 2235 2138 praetor
2291 2041 2579 2123 Marsos,

665 2156 886 2229 quum
918 2156 1203 2234 uterque
1246 2141 1535 2234 populus
1568 2135 1947 2220 defeciffet',
1994 2140 2218 2234 praelio
2263 2137 2576 2225 vicerunt

665 2231 1081 2306 Nicomedes
1106 2237 1173 2304 in
1200 2236 1563 2330 Bithyniae,
1610 2235 2086 2327 Ariobarzanes
2110 2238 2179 2308 in
2215 2232 2578 2334 Cappado-

662 2328 812 2412 ciae,
836 2351 1036 2427 regna
1068 2329 1332 2404 redusti
1364 2328 1534 2404 sunt.
1592 2329 1723 2405 Cn.
1754 2334 2111 2427 Pompeius
2139 2331 2375 2407 consul
2409 2341 2576 2409 Mar-

659 2420 764 2495 sos
801 2428 939 2501 a‘cie
971 2426 1148 2500 vicit.
1240 2435 1481 2520 Quum
1506 2449 1652 2498 -aere
1686 2429 1905 2504 alieno
1948 2429 2251 2527 'oppress‘a
2283 2428 2444 2505 effet
2482 2431 2575 2505 ci-

658 2519 828 2595 vitas
853 2572 881 2605 ,
921 2528 1002 2595 A.
1028 2524 1465 2619 Sempronius
1513 2521 1758 2597 Asellio
1796 2545 2039 2620 praetor
2064 2525 2098 2607 ,’
2130 2528 2464 2624 quoniam
2489 2528 2579 2602 ΕΑ

660 2620 967 2693 eundum
1003 2620 1350 2693 debitores
1392 2619 1497 2709 jus
1542 2621 1854 2702 dicebat,
1901 2625 1988 2696 ab
2031 2625 2157 2711 iis,
2202 2625 2320 2720 qui
2376 2623 2580 2700 foene*

660 2716 1014 2799 rabantur,
1059 2718 1130 2790 in
1163 2716 1316 2789 foto
1346 2716 1603 2789 occisus
1632 2716 1744 2790 est.
1837 2720 2155 2795 Praeterea
2177 2722 2580 2797 incur-(iones

658 2813 998 2889 Thracum
1044 2814 1115 2887 in
1175 2815 2303 2917 Macedoniam-populationesque
2359 2821 2575 2917 contig

659 2930 794 2996 net.
2510 2953 2517 2958 ·

2515 3030 2570 3039 ..-
