2813 4718
663 294 777 366 ’ἴθ’
1348 280 1415 353 Ε
1460 295 1504 353 1²
1541 290 1577 350 ι’·
1617 300 1669 349 τ
1714 298 1765 350 o
1803 292 1866 350 Μ
1910 295 1957 350 a

672 412 677 417 Ι
797 428 803 437 ’
1143 444 1567 522 Euromn
1616 444 1794 516 Lu.
1840 435 2083 553 LXII.

887 580 1199 661 Marcius
1224 579 1448 658 consu-l
1482 585 1770 660 Stonos,
1790 594 2065 675 gentem
2098 574 2450 674 Alpinamg
2474 578 2608 655 ex:

602 688 605 695 '
833 738 853 757 .
881 682 1224 782 pugnavit.
1307 675 1599 773 Micipsa
1622 721 1645 755 .
1691 675 2164 753 Numidarum,
2188 697 2305 775 rex
2326 723 2350 758 ,
2397 700 2606 754 mor.

643 798 836 865 tuus,
860 801 1141 878 regnum
1164 775 1385 850 tribus
1411 773 1570 846 fili-is
1590 771 1901 867 reliquit,
1936 771 2330 856 Adherbali,
2356 776 2594 849 Hiem-

640 878 800 976 psali
816 927 841 958 ,
888 887 953 950 &
977 874 1316 976 jugurthae
1344 919 1365 951 .
1415 869 1638 943 fratris
1664 868 1843 953 filio,
1886 890 2100 967 quem
2126 869 2595 966 adoptaverat.

641 980 722 1047 1..
751 976 1062 1052 Caecilius
1105 970 1438 1044 Metellus
1479 967 1829 1041 Dalmatas
1878 967 2156 1063 subegit.
2253 970 2595 1066 jugurtha

641 1075 1087 1169 Hiempsalem
1117 1066 1388 1143 fratrem
1416 1068 1596 1140 bello
1614 1063 1858 1161 petiit,
1898 1067 2110 1163 quem
2136 1064 2384 1137 viaum
2406 1065 2598 1141 inte.

640 1171 890 1243 remit:
934 1164 1381 1238 Adherbalem
1418 1186 1630 1259 regno
1652 1162 1907 1257 expulit
1937 1209 1962 1247 ,
2003 1161 2128 1260 qui
2157 1159 2440 1235 asenam
2473 1187 2588 1237 re-

639 1267 917 1340 stitutus
935 1263 1049 1335 est.
1120 1267 1191 1335 L.
1215 1261 1528 1333 Caecilius
1550 1265 1894 1354 Metellus,
1940 1262 2069 1333 Cn.
2098 1256 2454 1332 Domitius
2486 1267 2585 1332 A-

638 1362 1109 1443 henobarbus,
1156 1357 1467 1431 censores
1489 1402 1512 1435 ,
1558 1358 1832 1428 duos&
1861 1354 2139 1453 triginta
2169 1354 2399 1428 senatu
2429 1381 2587 1430 mo-

641 1478 910 1534 verunt.
956 1460 1273 1530 Praeterea
1305 1473 1541 1527 motus
1565 1454 1763 1549 Syriae
1792 1470 2026 1551 regum
2054 1454 2380 1529 continet.

1117 1623 1521 1694 Epuom
1569 1620 1746 1693 Lu·
1793 1618 2095 1691 LXIII.

859 1740 1121 1812 Porcus
1149 1731 1375 1809 consul
1400 1738 1476 1806 in
1517 1731 1799 1809 Thracia
1822 1732 1995 1805 male
2039 1729 2347 1808 adversus
2374 1739 2585 1809 Scor-

646 1752 837 1921 C.
868 1834 1087 1910 discos
1106 1832 1460 1930 pugnavit.
1525 1828 1836 1903 Lustrum
1859 1851 1900 1905 a
1922 1826 2305 1904 censoribus
2327 1831 2584 1911 condi.

638 1953 789 2009 tum
815 1932 931 2008 est.
976 1928 1189 2005 Censa
1216 1934 1366 2003 sunt
1388 1927 1641 2001 ciuium
1666 1928 1888 2023 capita
1914 1943 2213 2002 trecenta
2245 1931 2587 2028 nonagin-

639 2051 717 2106 η
749 2048 1044 2129 quatuor
1067 2027 1274 2101 millia
1305 2045 1606 2101 trecenta
1631 2026 1716 2097 tri
1767 2025 1910 2099 inca
1939 2022 2061 2097 sex.
2106 2025 2365 2101 AEmilia
2388 2075 2413 2110 ‚
2457 2024 2596 2102 Li-‘

639 2129 824 2204 cinia
854 2177 878 2213 ,
923 2126 1171 2202 Marcia
1200 2172 1224 2208 ,
1269 2124 1560 2220 virgines
1597 2127 1699 2195 Ve
1818 2144 1898 2195 esw
1917 2169 1941 2204 ‚
1986 2121 2214 2195 incesti
2242 2120 2578 2209 damnata

637 2226 824 2299 fiant:
847 2225 1058 2318 idque
1079 2221 1405 2295 incestum
1438 2217 2102 2318 quemadmodum&
2130 2219 2580 2310 commissum,-

637 2330 709 2396 ει
731 2316 1253 2418 deprehensum,
1299 2327 1371 2391 &
1391 2317 1814 2392 vindicatum
1833 2317 1916 2390 sit
1935 2366 1961 2400 ‚
2005 2314 2306 2392 refertur.
2377 2319 2579 2396 Cim..

637 2421 791 2503 bri,
814 2438 982 2515 gens
1002 2436 1221 2512 vaga,
1253 2412 1726 2513 populabundi
1751 2413 1821 2486 in
1842 2413 2176 2513 Illyricum
2211 2438 2533 2493 venerunt
2552 2448 2577 2496 ε

636 2515 839 2589 abiis
861 2513 1161 2609 Papirius
1203 2514 1439 2587 Carbo
1463 2512 1700 2586 consul·
1725 2534 1882 2585 cum
1917 2514 2216 2587 exercitu
2244 2511 2426 2587 fusus
2455 2516 2572 2594 est.

637 2614 866 2688 Livius
895 2607 1149 2684 Drusus
1172 2610 1400 2683 consul
1425 2607 1731 2683 adversus
1762 2609 2182 2696 Scordiscos,
2228 2633 2506 2709 gentem
2530 2636 2578 2693 a

637 2710 854 2783 Gallis
881 2707 1237 2782 oriundam
1257 2755 1281 2792 ‚
1308 2708 1380 2780 in
1414 2704 1697 2782 Thracia
1719 2703 2006 2782 feliciter
2032 2710 2357 2809 pugnavit
2373 2759 2401 2797 ‚
2428 2733 2577 2787 ma.

638 2828 990 2907 gnumque
1015 2806 1349 2879 honorem
1383 2805 1558 2878 tulit.
2567 2799 2576 2806 ’

1114 2971 1528 3043 ΕΡιτοΜε
1574 2965 1758 3043 Lu.
1805 2969 2084 3044 LXIV.

639 3112 822 3285 A
843 3106 1150 3180 Dherbal
1176 3106 1354 3178 bello
1460 3104 1631 3177 titus
1660 3124 1700 3177 a
1725 3103 2060 3202 Jugurtba
2085 3151 2110 3189 ,
2154 3103 2321 3177 &in
2349 3106 2566 3204 oppi-'

849 3202 950 3275 do
980 3204 1168 3275 Cirta
1190 3197 1319 3272 obs
1493 3248 1518 3283 ‚
1565 3217 1801 3274 contra
1845 3200 2431 3276 denuntiationem
2459 3201 2565 3277 se·-

633 3317 835 3376 natus
861 3347 882 3380 ,
929 3299 1024 3371 ab
1050 3319 1136 3369 eo
1161 3295 1418 3369 occisus
1438 3294 1549 3368 est.
1598 3299 1718 3369 Ob
1746 3295 1884 3369 hoc
1904 3297 2032 3391 ipsi
2055 3301 2398 3396 Jugurthae
2421 3299 2571 3373 bel-

631 3402 770 3472 lum
796 3396 1166 3471 indifium:
1203 3392 1404 3487 idque
1429 3391 1826 3487 Calpurnius
1847 3390 2059 3467 Bestia
2083 3393 2308 3467 consul
2334 3419 2568 3493 gerere

627 3493 834 3582 jussus
863 3542 885 3578 ‚
931 3515 1164 3588 pacem
1196 3512 1356 3563 cum
1389 3490 1722 3587 Jugurtha
1750 3489 1987 3580 injussu
2017 3493 2249 3589 populi
2284 3503 2350 3565 δι
2377 3492 2564 3570 sena-

631 3608 745 3664 tus
768 3590 952 3664 fecit.
1024 3588 1362 3688 Jugurtha
1385 3632 1406 3665 ‚
1451 3584 1586 3657 fide
1623 3588 1888 3680 publica
1916 3610 2234 3662 evocatus
2259 3591 2347 3664 ad
2379 3590 2563 3665 indi·

630 3689 890 3762 candos
923 3691 1227 3768 auctores
1255 3682 1681 3756 consiliorum
1706 3682 1977 3757 suorum
2005 3735 2033 3768 ,
2078 3686 2275 3781 quod
2306 3689 2561 3764 multos

629 3784 926 3886 pecunia
947 3784 1022 3858 in
1051 3779 1283 3857 senatu
1307 3782 1664 3879 corrupisse
1695 3780 2079 3867 dicebatur,
2124 3779 2428 3861 Romam
2455 3808 2574 3894 qe·

2424 3901 2575 3959 nit:
