2813 4718
629 332 726 435 '48
1264 326 1325 400 E
1369 323 1412 398 p·
1461 342 1493 396 1
1541 319 1587 393 i·
1631 341 1681 392 o
1728 317 1793 391 izi
1836 321 1882 388 ι’

636 431 806 532 pulo
841 418 1173 503 Romano
1199 421 1421 496 dediti
1444 468 1467 505 ‚
1510 441 1554 493 a
1583 419 1815 513 Sergio
1844 407 2074 485 Galba
2112 407 2185 482 in
2217 394 2440 482 Gallia
2462 401 2592 517 ve}

643 524 912 619 nissent,
944 525 1014 596 in
1040 523 1413 597 libertatem
1434 514 1967 594 restituerentur,
2010 506 2120 580 M.
2135 504 2313 579 Cato
2341 525 2599 577 acerri-

653 648 767 713 me
797 622 1007 712 suasit.
1032 640 1215 694 extat
1244 617 1467 692 oratio
1491 619 1560 690 in
1592 610 1963 686 Annalibus
1992 605 2142 699 ejus
2170 599 2438 678 inclusa.
2484 599 2627 703 Q

652 722 927 795 Fulvius
953 718 1269 811 Nobilior
1284 766 1304 796 ‚
1351 720 1420 786 &
1444 708 1605 807 saepe
1628 711 1717 781 ab
1741 730 1826 782 eo
1851 705 1929 777 in
1962 702 2186 775 senatu
2216 704 2542 772 laceratus
2564 745 2594 783 ‚

656 816 999 917 respondit
1027 838 1153 913 pro
1178 813 1441 889 Galba:
1489 807 1620 905 ipse
1651 825 1931 903 quoque
1958 799 2176 873 Galba
2213 825 2241 876 ,·
2285 818 2502 892 quum
2528 789 2616 868 le

659 914 970 990 damnari
991 912 1695 1004 videret,complexus
1720 904 1898 976 duos
1928 897 2109 973 filios
2137 910 2597 992 praetextatos,

661 1020 730 1086 &
758 1011 967 1086 filium
992 1009 1143 1084 Caii
1158 1004 1483 1105 Sulpicii,
1530 1001 1725 1092 cujus
1745 1009 1936 1072 tutor
1960 1011 2100 1071 erat
2132 1040 2154 1076 ‚
2202 992 2301 1065 ita
2334 988 2602 1062 misera-

659 1110 881 1184 biliter
910 1129 1038 1204 pro
1085 1103 1146 1178 se
1172 1107 1446 1178 locutus
1483 1099 1580 1173 est
1610 1145 1631 1181 ,
1693 1114 1773 1170 ut
1801 1092 2070 1193 rogatio
2111 1089 2604 1184 antiquaretur.

660 1223 896 1282 extant
919 1223 1060 1276 tres
1086 1201 1430 1275 orationes
1450 1198 1624 1289 eiust
1672 1196 1818 1268 duae
1849 1186 2195 1265 adversum
2228 1185 2603 1266 Libonem,

661 1304 1009 1377 tribunum
1035 1298 1282 1396 plebis,
1315 1291 1819 1403 rogationesque
1850 1291 1999 1386 ejus
2026 1285 2267 1380 habitae
2298 1284 2388 1356 de
2414 1278 2608 1353 Lusi·-

663 1399 875 1481 tanis3
917 1404 1054 1469 una
1078 1412 1318 1469 contra
1345 1391 1427 1465 L.
1463 1390 1859 1464 Cornelium
1885 1383 2268 1480 Cethegum
2301 1427 2321 1461 ‚
2363 1379 2432 1450 in
2464 1400 2604 1475 qua

661 1497 1028 1573 Lusitanos
1076 1512 1290 1590 prope
1325 1487 1448 1564 sese
1494 1486 1698 1562 castra
1739 1481 2064 1570 habentes
2088 1478 2284 1553 caesos
2318 1472 2605 1550 fatetur=

666 1592 864 1691 quod
899 1607 1325 1687 compertum
1355 1584 1658 1661 habuerit
1673 1629 1695 1663 ‚
1718 1604 1902 1676 equo
1923 1599 2127 1675 atque
2150 1575 2461 1656 homine,
2480 1573 2608 1646 suo·

665 1693 804 1779 ritu
835 1739 861 1774 ,
902 1686 1266 1760 immolatis
1296 1733 1318 1767 ,
1369 1706 1492 1782 per
1529 1680 1811 1780 speciem
1840 1676 2028 1776 pacis
2072 1673 2323 1749 adoriri
2346 1672 2611 1745 exerci-

669 1800 820 1860 tum
852 1783 1134 1858 suumin
1161 1782 1392 1858 animo
1419 1776 1727 1854 habuisse.
1776 1770 2138 1848 Andriscus
2161 1770 2474 1868 quidam.
2507 1769 2611 1840 ul·

669 1886 856 1961 timae
890 1881 1078 1955 sortis
1126 1880 1342 1952 homo
1365 1926 1388 1960 ,
1437 1872 1635 1950 Persei
1673 1869 1933 1972 regisse
1967 1870 2187 1943 ‘filium
2209 1866 2432 1943 ferens
2466 1912 2491 1948 ,
2539 1873 2612 1946 ὃς

669 1998 935 2055 mutato
968 1977 1245 2051 nomine
1293 1972 1638 2072 Philippus
1667 1987 1950 2046 vocatus
1969 2017 1994 2054 ‚
2039 1987 2258 2065 quum
2304 1964 2394 2036 ab
2440 1962 2614 2037 urbe

673 2079 944 2159 Roma,
973 2072 1119 2172 quo
1141 2074 1325 2147 illum
1340 2071 1728 2145 Demetrius
1752 2066 1953 2167 Syriae
1985 2088 2098 2138 rex
2125 2065 2221 2137 ob
2250 2063 2384 2135 hoc
2404 2059 2612 2156 ipsum

621 2268 624 2271 Δ
671 2173 1106 2265 mendacium
1137 2169 1437 2254 miserat,
1463 2171 1633 2242 clam
1709 2163 2083 2262 rofugiffet3
2112 2158 2347 2232 multis
2372 2158 2461 2233 ad
2490 2155 2614 2232 fal·

671 2269 807 2346 sam
835 2269 981 2358 ejus
1015 2258 1308 2340 fabulam
1323 2314 1347 2349 ‚
1394 2269 1575 2338 velut
1598 2189 1706 2339 arf
1712 2284 1934 2337 veram
1958 2308 1980 2340 ,
2025 2257 2341 2333 euntibus
2370 2280 2391 2339 ς
2440 2277 2613 2330 con·

672 2368 891 2441 traeto
918 2362 1218 2438 exercitu
1261 2379 1483 2438 totam
1528 2359 2000 2435 Macedoniam
2030 2405 2054 2440 ‚
2101 2374 2222 2432 aut
2255 2356 2608 2429 voluntate

675 2462 1118 2539 incolentium
1134 2507 1156 2540 ,
1183 2472 1308 2534 aut
1321 2456 1529 2533 armis
1544 2506 1569 2542 ,
1600 2456 1983 2554 occupavit.
2030 2456 2346 2529 Fabulam
2375 2469 2603 2527 autem

676 2556 1055 2651 hujusmodi
1088 2556 1373 2630 finxerat
1404 2573 1444 2627 ε·
1472 2556 1579 2627 Ex
1606 2553 1838 2652 pellice
1865 2553 1928 2627 se
1958 2558 2025 2625 δι
2057 2550 2288 2625 Perseo
2314 2572 2469 2647 rege
2494 2572 2609 2623 or-

678 2663 869 2739 tum,
895 2655 1216 2729 traditum
1246 2652 1678 2728 educandum
1708 2649 2008 2724 Cretensi
2032 2650 2307 2724 cuidam
2335 2646 2497 2727 effe,
2529 2664 2613 2721 ut

680 2754 753 2829 in
781 2755 939 2828 belli
967 2751 1190 2835 casus,
1235 2751 1430 2847 quod
1458 2750 1562 2824 ille
1588 2773 1743 2823 cum
1776 2748 2102 2822 Romanis
2127 2761 2388 2843 gereret
2417 2792 2443 2827 ,
2488 2744 2616 2838 alif

680 2850 876 2949 quod
906 2854 1083 2924 velut
1118 2848 1336 2922 semen
1375 2846 1600 2943 stirpis
1636 2845 1826 2944 regiae
1859 2861 2134 2918 extaret.
2225 2839 2458 2915 Perseo
2483 2842 2618 2914 de·

681 2962 961 3023 mortuo
985 2998 1008 3032 ,
1055 2944 1399 3020 Adramiti
1423 2941 1484 3016 se
1522 2943 1881 3017 educatum
1913 2941 2117 3038 usque
2157 2938 2246 3013 ad
2282 2939 2619 3013 duodeci·-¹

683 3061 878 3118 mum
929 3069 1180 3119 annum
1224 3041 1435 3117 aetatis
1456 3088 1479 3123 ‚
1522 3059 1773 3138 patrem
1805 3062 1959 3111 eum
2008 3035 2132 3112 effe
2157 3035 2546 3110 credentem
2573 3058 2617 3112 a

682 3157 830 3234 quo
854 3139 1248 3214 educaretur
1275 3189 1298 3222 ‚
1343 3140 1652 3237 ignarum
1696 3136 1955 3233 generis
2001 3132 2185 3207 fuiffe
2230 3130 2344 3207 sui.
2371 3128 2619 3207 affe&o

682 3236 935 3330 deinde
962 3257 1047 3308 eo
1077 3282 1097 3314 ,
1143 3259 1356 3329 quum
1387 3258 1510 3329 pro
1558 3259 1599 3307 e
1637 3237 1724 3308 ad
1754 3234 2063 3305 ultimum
2097 3230 2301 3302 finem
2338 3230 2490 3302 vitae
2518 3226 2623 3303 es·
2687 3265 2696 3270 ’

654 3331 780 3407 »ἷξε
815 3382 838 3415 ,
878 3331 1208 3405 detectam
1235 3329 1352 3403 fibi
1377 3350 1491 3404 tan
1544 3352 1653 3401 em
1679 3329 2010 3426 originem
2042 3326 2219 3401 suam
2249 3355 2275 3406 ,-
2318 3324 2622 3423 falsaeque

648 3428 882 3528 -matri
913 3428 1204 3501 libellum
1251 3427 1490 3499 datum
1534 3426 1722 3523 figno
1766 3427 1978 3499 Persei
2020 3429 2198 3523 regis
2246 3424 2578 3522 signatum
2597 3470 2624 3509 ,

687 3550 898 3624 quem
934 3524 1054 3597 fibi
1078 3523 1374 3599 traderet
1401 3571 1423 3603 .
1469 3546 1683 3619 quum
1725 3522 1813 3597 ad
1855 3524 2184 3619 puberem
2223 3538 2483 3597 aetatem
2506 3543 2619 3594 ve-

685 3621 902 3697 niffet.
951 3619 1555 3717 obtestationesque
1602 3616 1872 3695 ultimas
1907 3619 2195 3710 adjeecas
2222 3668 2245 3703 ‚
2293 3637 2371 3691 ut
2404 3639 2513 3690 res
2545 3617 2621 3689 in
2653 3676 2684 3689 -

685 3722 959 3820 occulto
981 3721 1072 3814 acl
1097 3719 1169 3793 id
1199 3739 1467 3816 tempus
1495 3715 1870 3792 servaretur.
1905 3715 2291 3817 pubescenti
2320 3714 2623 3791 libellum

682 3816 1043 3915 traditum:
1091 3817 1164 3893 in
1194 3838 1334 3917 quo
1368 3816 1579 3893 relieti
1607 3815 1732 3893 fibi
1756 3815 1902 3916 duo
1931 3811 2212 3917 thesauri
2235 3835 2277 3893 a
2296 3829 2493 3915 patre
2515 3810 2624 3884 di-

1567 3941 1574 3944 *
2382 3928 2624 4006 ceren-3
