2813 4718
610 339 753 429 [26
912 334 915 335 *
1278 334 1892 408 Epiron:

1022 500 1487 577 ‚Em-roua
1532 496 1717 573 Lim
1761 463 2072 573 xxvi..

794 634 1050 710 Nnibal
1077 636 1168 712 ad
1200 635 1475 710 tertium
1505 636 1593 711 ab
1624 633 1785 708 urbe
1814 632 2046 708 Roma
2068 630 2363 730 lapidem
2380 682 2405 720 ,
2429 635 2528 714 su-

594 641 784 818 A
806 756 928 832 per
958 734 1286 807 Anienem
1304 732 1518 807 castra
1545 730 1788 829 posuit.
1818 729 1951 828 ipse
1973 751 2136 805 vero
2165 754 2323 807 cum
2348 733 2523 808 duo·

592 829 727 906 bus
750 833 1043 906 millibus
1069 832 1379 927 equitum
1403 828 1608 926 usque
1628 827 1717 904 ad
1740 827 1943 926 ipsam
1977 831 2323 924 Capenam
2341 853 2521 927 wpor-

480 954 506 971 ·
589 944 773 1015 tam,
801 949 881 1004 ut
906 929 1083 1002 urbis
1110 930 1307 1001 fitum
1323 930 1731 1025 exploraret,
1756 925 2186 1023 obequitavit.
2211 934 2277 997 &
2293 949 2518 1024 quum

582 1048 709 1123 per
731 1027 1033 1102 triduum
1058 1027 1128 1099 in
1157 1025 1370 1102 aciem
1399 1025 1743 1123 utrimque
1777 1024 2106 1098 exercitus
2131 1025 2361 1096 omnis
2390 1023 2517 1099 de·-

582 1124 963 1205 scendiffet,
994 1134 1327 1198 certamen
1359 1120 1714 1219 tempestas
1742 1119 2043 1194 diremite
2076 1141 2233 1194 nam
2245 1168 2269 1204 ,
2293 1143 2514 1217 quum

581 1223 658 1296 in
683 1222 893 1296 castra
922 1220 1254 1294 rediiffent
1267 1268 1291 1303 ,
1312 1218 1531 1293 statim
1557 1217 1863 1308 serenitas
1886 1235 2048 1291 erat.
2090 1216 2330 1312 Capua
2353 1238 2520 1314 cap-

581 1336 655 1393 ta
685 1316 780 1392 est
810 1340 849 1393 a
886 1317 1249 1418 QFulvio
1287 1320 1537 1413 &·Ap.
1573 1314 1868 1401 Claudio
1909 1309 2094 1414 com
2166 1314 2512 1411 Principes

482 1482 487 1485 .
578 1418 1088 1512 Campanorum
1143 1430 1408 1490 veneno
1464 1410 1586 1485 fibi
1658 1406 2124 1487 consciverunt
2192 1428 2508 1501 mortem.

578 1511 827 1614 Qum
857 1510 1121 1587 senatus
1162 1510 1669 1608 Campanorum
1717 1509 2056 1606 deligatus
2085 1505 2240 1582 effet
2263 1507 2349 1581 ad
2380 1530 2518 1605 pa-r

576 1611 690 1682 los
704 1658 727 1694 ,
754 1629 833 1685 ut
854 1608 1062 1686 securi
1084 1607 1428 1694 feriretur,
1457 1609 1679 1682 literas
1701 1629 1744 1683 a
1767 1603 1992 1680 senatu
2016 1606 2233 1680 miffas
2256 1604 2508 1708 Qui-
2583 1698 2588 1699 ἢ
2640 1620 2642 1622 ’

575 1709 729 1780 vius
755 1702 1014 1792 consul,
1039 1706 1286 1804 quibus
1305 1707 1662 1800 jubebatur
1689 1726 1999 1803 parcere,
2023 1723 2382 1800 antequam
2404 1706 2509 1783 le·-

576 1823 800 1901 geret,
822 1806 896 1877 in
922 1804 1069 1876 finu
1096 1798 1347 1901 posuit,
1372 1811 1440 1876 &
1468 1808 1612 1902 lege
1637 1804 1747 1901 agi
1774 1800 1977 1892 juffit,
2008 1806 2075 1874 δι
2102 1798 2508 1897 supplicium

571 1901 851 2009 peregit.
899 1901 1140 2005 Qum
1171 1900 1244 1974 in
1275 1901 1572 1977 comitiis
1598 1900 1783 2000 apud
1818 1901 2149 1995 populum
2174 1919 2511 1993 quaerere-

543 1994 686 2071 ‘tur
709 2045 733 2080 ,
775 1999 889 2072 cui
918 1999 1346 2074 mandaretur
1367 1990 2213 2097 Hispaniarumjimperium
2237 2021 2263 2074 ,-
2309 1996 2509 2067 nullo

569 2093 646 2171 id
673 2099 939 2170 volente
965 2094 1300 2192 suscipere.
1348 2097 1423 2171 P.
1445 2096 1676 2193 Scipio
1708 2144 1731 2178 ‚
1779 2100 1848 2166 P.
1873 2093 2084 2176 filius,
2119 2090 2338 2190 quiin
2367 2091 2507 2164 Hi-

564 2189 792 2287 spania
813 2192 1149 2267 ceciderat
1174 2243 1198 2276 ‚
1243 2190 1571 2289 profeffus
1601 2192 1699 2266 est
1721 2239 1741 2272 ,
1786 2184 1851 2265 se
1877 2190 2154 2264 iturum.
2191 2194 2260 2261 &
2280 2185 2508 2263 suffra·

565 2287 1821 2481 &ffssssgiffini035203‘32ussxpz‘33itzss
1868 2283 2505 2478 ’Ἐῖἓὲἀςῗιὲἴῗέ

1836 2429 1861 2464 2
2464 2420 2500 2437 ¹·
2520 2437 2530 2454 ,-

566 2480 893 2576 gefimum
917 2498 1236 2577 quartum
1265 2504 1552 2562 annum3
1600 2479 2071 2572 videreturque
2097 2477 2322 2559 divina
2351 2477 2496 2551 stir-

566 2597 656 2672 pe
684 2591 940 2650 creatu's
971 2606 989 2649 ε
1017 2578 1339 2675 quoniam
1370 2585 1439 2650 δι
1461 2575 1627 2676 ipse,
1660 2576 2097 2673 posteaquam
2123 2593 2358 2672 togam
2381 2596 2536 2666 aeg

566 2692 871 2769 ceperat,
913 2674 1219 2771 quotidie
1253 2675 1324 2749 in
1358 2674 1701 2771 Capitolio
1732 2694 1918 2747 etat:
1967 2678 2035 2743 &
2076 2675 2148 2746 in
2174 2673 2494 2746 cubiculo

565 2771 801 2845 matris
827 2774 976 2866 ejus
995 2776 1234 2865 anguis
1268 2771 1711 2886 saepenumero
1738 2771 2111 2846 videbatur.
2143 2837 2144 2840 ,
2170 2772 2307 2843 Res
2329 2790 2493 2866 prae-

565 2882 748 2942 terea
772 2868 841 2940 in
871 2868 1084 2943 Sicilia
1107 2867 1320 2965 gestas
1341 2869 1682 2949 continet,
1707 2877 1773 2940 &
1797 2868 2158 2943 amicitiam
2189 2890 2346 2941 cum
2369 2869 2490 2941 AE-

458 3043 461 3046 ,
567 2965 725 3037 tolis
743 2964 1069 3054 junaam,
1117 2968 1500 3062 bellumque
1530 2964 1787 3062 gestum
1810 2963 2155 3040 adversum
2184 2969 2488 3062 Acarna

565 3084 689 3136 nes
708 3109 733 3147 ‚
780 3070 846 3133 &
874 3063 1257 3160 Philippum
1277 3063 1685 3160 Macedoniae
1710 3084 1952 3160 regem.

927 3282 931 3285 .
1022 3225 1410 3310 Eranam
1457 3228 1629 3302 Lux.
1674 3225 2007 3301 XXVII.

753 3358 840 3431 N.
861 3358 1122 3442 Fulvius
1159 3358 1512 3432 Proconsul
1540 3383 1697 3433 cum
1721 3361 2008 3435 exercitu
2034 3363 2125 3435 ab
2156 3359 2513 3436 Annibale'

748 3456 839 3534 ad
857 3456 1282 3529 Herdoneam
1305 3453 1501 3529 caesus
1521 3456 1631 3529 est.
1644 3457 1934 3531 Meliore
1963 3477 2207 3532 eventu
2224 3458 2489 3533 aclau-

565 3548 689 3626 dio
713 3552 1042 3640 Marcello
1060 3549 1321 3637 consule
1344 3550 1657 3638 adversus
1684 3556 1977 3628 eundem
1996 3555 2082 3629 ad
2102 3552 2489 3628 Numistro·

432 3683 437 3688 ·
563 3669 723 3723 nem
783 3670 1156 3746 pugnatum
1202 3650 1314 3724 est.
1403 3648 1574 3728 Inde
1602 3652 1912 3724 Annibal
1956 3654 2168 3742 nofitu
2208 3652 2485 3728 receffit.

563 3744 926 3821 Marcellus
947 3744 1282 3821 insecutus
1305 3747 1430 3831 est,
1467 3753 1536 3820 δι
1554 3743 1830 3822 subinde
1859 3747 2211 3822 cedentem
2238 3750 2490 3845 preflit,

567 3843 791 3930 donec
835 3844 1245 3942 confligereu
1336 3844 1564 3926 Priore
1586 3866 1813 3946 pugna
1858 3844 2156 3999 Annibal
2177 3842 2496 4029 supet-1331}
