2813 4718
773 277 1686 360 aurini-nin:
2101 296 2198 322 *³

228 390 580 459 ‘emtum
606 389 773 448 tum
791 376 1108 452 scientem
1137 381 1482 455 mulierem
1506 379 1936 463 subditicium
1953 384 2020 464 se
2039 327 2199 482 effe?

227 495 462 549 weram
487 472 763 569 stirpem
792 474 1136 574 ignoranti
1161 477 1430 571 edidisse
1461 505 1700 579 genus:
1738 504 1952 584 *atque
1982 491 2183 567 obte-

229 570 485 647 statam
518 620 542 655 ‚
590 588 660 641 ut
680 570 876 668 prius
900 620 927 658 ‚¹
969 596 1173 670 quam
1205 575 1291 650 ad
1314 577 1685 652 Eumenem
1708 604 2012 658 manaret
2047 574 2192 674 resss

228 666 487 742 Perseo
515 668 895 753 inimicum,
938 670 1290 746 excederet
1319 675 1403 749 iis
1427 676 1635 761 locis,
1666 700 1751 750 ne
1776 680 2181 760 interficere-

228 786 380 838 tur.
407 789 491 837 eo
512 765 569 838 se
588 770 987 843 exterritum
1003 817 1028 853 ,
1074 769 1263 844 fimul
1286 769 1654 868 fp‘erantem
1681 778 1960 874 aliquod
1993 783 2179 855 auxi-

228 867 407 941 lium
434 885 475 934 a
497 862 895 948 Demetrio,
922 866 994 939 in
1019 866 1290 965 Syriam
1320 870 1380 940 se
1409 870 1795 947 contuliffe=
1843 893 2048 973 atque
2074 874 2188 954 ibi'

234 961 529 1135 {simum
552 1007 577 1043 ,
620 964 784 1062 quis
805 960 942 1063 ipse
968 967 1257 1039 omnino
1279 956 1441 1040 effet
1468 1015 1494 1054 ‚
1536 973 1756 1066 palam
1781 995 2175 1071 expromere

346 1081 478 1132 nm.

794 1220 1245 1298 Epi-roma
1274 1226 1465 1301 Lu.
1515 1229 1589 1301 L.

242 1420 248 1427 .
404 1350 699 1432 Heffalia
717 1404 741 1441 ‚
789 1380 1004 1452 quum
1049 1366 1114 1431 &
1142 1360 1317 1434 illam
1360 1361 1676 1438 invadere
1716 1363 1924 1440 armis
1960 1384 2168 1466 atque

211 1369 382 1535 T
402 1477 742 1550 occupare
762 1455 1362 1554 Pseudophilippus
1381 1463 1613 1544 vellet,
1655 1483 1774 1558 pet
1796 1462 2169 1562 Romano-3

214 1570 373 1623 num
400 1553 663 1648 legatos
684 1551 956 1627 auxiliis
986 1555 1386 1629 Acbaeorum
1416 1555 1677 1641 defenia
1692 1561 1805 1632 est.
1864 1560 2165 1651 Prusias,

217 1670 335 1722 tex
358 1649 734 1746 Bithyniae,
778 1649 1221 1746 omniumque
1251 1654 1777 1727 humillimorum
1808 1656 2164 1741 vitiorum,

216 1766 263 1818 a
291 1745 690 1819 Nicomede
718 1745 901 1833 filio,
946 1749 1305 1841 adjuvante
1326 1752 1574 1831 'Attalo
1610 1775 1806 1849 rege,
1858 1758 1978 1826 Per
2023 1754 2162 1829 ami

211 1839 487 1915 occisus
513 1841 625 1916 est.
672 1844 989 1917 Habebat
1011 1850 1285 1920 alterum
1312 1847 1564 1931 filium,
1598 1851 1763 1946 qui,
1806 1873 1935 1946 pto
1990 1875 2161 1948 upe-

213 1940 399 2013 tiore
424 1942 672 2013 ordine
686 1940 1025 2023 dentium,
1052 1962 1321 2017 enatum
1345 1943 1637 2019 habuiffe
1662 1968 1872 2017 unum
1898 1972 1982 2020 os
1994 1971 2166 2041 cong

208 2037 446 2111 tineus
479 2038 755 2110 dicitur.
817 2037 1056 2139 Qum
1077 2043 1334 2137 legatos
1358 2041 1448 2126 ad
1475 2062 1709 2139 pacem
1733 2041 1912 2127 inter
1935 2045 2163 2116 Nico·-

212 2134 498 2207 medem
522 2142 593 2206 &
622 2133 907 2209 Prusiam
949 2136 1320 2212 faciendam
1357 2137 1659 2209 Romani
1688 2136 1997 2210 mififfent
2027 2165 2048 2210 ε
2091 2146 2162 2212 δε

210 2253 399 2305 nnus
428 2257 515 2306 ex
541 2234 635 2305 iis
677 2251 885 2347 caput
917 2234 1146 2311 multis
1191 2234 1622 2319 cicatricibus
1645 2230 1924 2332 sparsum
1958 2234 2163 2312 habe-

207 2348 316 2404 ret
338 2379 387 2413 ,.
412 2332 582 2405 alter
604 2328 896 2428 pedib-us
920 2355 1085 2428 aeger
1111 2330 1263 2407 efl'et
1294 2380 1317 2414 ,
1360 2332 1599 2406 tertius
1629 2332 1905 2432 ingenio
1929 2330 2159 2411 socors

206 2426 579 2503 haberetur
596 2455 624 2508 ,·
670 2428 842 2506 dixit
865 2427 1047 2502 Cato
1062 2477 1082 2509 .
1107 2454 1256 2506 eam
1282 2431 1724 2527 legationem,
1766 2453 1892 2505 nec
1912 2451 2158 2529 caput,

204 2547 341 2599 nec
371 2524 617 2621 pedes,
638 2527 766 2598 nec
799 2547 953 2609 cor,
997 2526 1260 2603 habete.
1309 2530 1389 2600 ln
1419 2529 1643 2626 Syria,
1690 2552 1839 2624 quae
1866 2552 1953 2602 eo
1985 2550 2158 2604 tem·

202 2622 2159 2817 Ε’ῗοῖἒέἓὲῗέἒῗὲῗὲῗίἓῗίεἕέἒὲἀιῗὲᾄῗὲἓῗῗξ·

1374 2772 1396 2805 2
2005 2773 2024 2793 ·
2124 2759 2167 2782 '¹‘

207 2835 421 2892 cente
457 2839 547 2889 eo
576 2817 653 2890 in
689 2838 911 2914 ganeo
936 2726 1012 2899 gt
1039 2819 1255 2892 lustris
1281 2866 1305 2903 ‚
1349 2817 1757 2892 Ammonius
1801 2820 2160 2915 regnabat:

205 2936 338 3011 per
361 2936 576 3009 quem
604 2921 674 2988 δι’.
698 2915 899 2989 amici
922 2939 1163 2991 omnes
1195 2916 1371 3013 regis
1397 2965 1425 3000 ,
1465 2926 1537 3004 ,&
1565 2915 1860 2988 Laodice
1885 2916 2160 3009 regina,

207 3018 289 3083 δι
333 3011 736 3109 Antigonus
765 3061 790 3095 ,
833 3011 1169 3106 Demetrii
1198 3014 1376 3091 filius
1398 3058 1421 3091 ‚
1466 3010 1688 3101 occisi.
1783 3008 2159 3092 Masaniffa,

211 3109 570 3182 Numidia:
593 3131 747 3191 rex,
790 3109 1005 3198 major
1032 3107 1410 3200 nonaginta
1430 3105 1655 3188 annis,
1702 3106 2012 3191 deceffit‚
2060 3107 2160 3183 vir

219 3203 513 3301 infigant.
585 3206 774 3278 Inter
817 3224 1039 3279 cetera
1061 3225 1277 3301 opera
1295 3202 1601 3292 juvenilia
1630 3252 1654 3287 ‚
1704 3226 1854 3299 quae
1882 3205 1971 3279 ad
1996 3207 2160 3281 ulti-

224 3322 411 3375 mum
432 3302 684 3390 edidit,
711 3300 889 3377 adeo
906 3350 931 3384 ,
964 3302 1168 3377 eriam
1193 3300 1409 3377 versus
1432 3304 1506 3400 in
1529 3299 1883 3383 senectam,
1915 3303 2159 3400 viguit,

221 3418 305 3472 nt
326 3400 486 3498 post
510 3399 771 3474 sextum
796 3408 866 3473 δε
881 3399 1359 3499 οᾶοςείὶωιιαι
1385 3424 1637 3474 annum
1661 3403 1875 3473 nlium
1910 3423 2160 3497 genue-

216 3496 331 3570 tit.
427 3499 616 3573 Inter
640 3517 779 3571 tres
803 3497 1052 3573 liberos
1078 3497 1228 3589 ejus
1257 3547 1282 3582 ,
1301 3558 1307 3567 .
1326 3500 1699 3573 maximum
1722 3516 1886 3572 natu
1917 3496 2160 3596 Micip-

215 3592 355 3668 sam
380 3643 404 3676 ‚
455 3592 812 3669 Gulussam
837 3644 866 3679 ,
905 3594 1434 3673 Manastabulum
1460 3642 1486 3680 ,
1527 3591 1645 3691 qui
1668 3594 1877 3668 etiam
1902 3594 2161 3672 Gtaecis

215 3691 430 3768 literis
457 3694 764 3768 eruditus
779 3713 949 3774 erat,
969 3701 1040 3769 P.
1055 3691 1690 3790 scipioAEmilianus
1714 3691 1959 3787 (quum
1970 3715 2163 3768 com·

222 3811 439 3872 mnne
466 3790 569 3869 eis
608 3809 798 3891 pater
841 3814 1124 3892 regnem
1168 3781 1534 3968 rigquiffet
1564 3836 1587 3874 ,
1631 3795 1700 3861 &
1725 3788 2023 3868 dividere
2045 3811 2170 3958 ἵζε

1339 3913 1380 3964 2
1988 3906 2061 3960 at
2107 3903 2169 3984 ¹3
2319 3915 2324 3919 '
