2813 4718
613 271 707 339 26
1018 261 1420 346 Luc-11
1517 252 2169 352 Auratis
2460 339 2463 342 Ι

609 362 844 437 stratas
871 357 1236 446 habentem
1268 402 1295 439 ,
1332 351 1595 428 durnin
1629 350 1890 424 Italiam
1913 346 2102 424 abest·
2126 387 2156 430 >,
2203 364 2422 449 regno·
2445 359 2575 434 exa

611 458 786 556 pulit
804 503 826 540 ,
854 453 1216 554 occupatis
1239 448 1582 550 Syracusis.
1629 447 2099 543 Hiphicrates,
2128 446 2223 521 rei
2252 449 2575 528 militaris'

609 555 1040 653 peritiffimus
1066 603 1089 638 ,
1132 551 1253 649 qui
1287 569 1473 625 arma
1520 545 1847 620 habiliore
1884 543 2185 641 pondere
2233 554 2302 619 &
2344 548 2579 636 modo⁸

583 647 796 737 fecit.
889 649 1192 732 Phocion
1226 694 1247 727 ,
1294 646 1417 742 qui
1444 645 1555 740 ‘vir
1589 641 1813 718 bonus
1858 641 2390 739 cognominatus
2434 645 2579 730 est,

610 773 834 846 neque
864 754 992 821 ulla
1014 746 1307 843 pecunia
1327 766 1372 817 a
1399 740 1719 838 Philippo
1754 740 1988 837 potuit
2014 739 2338 815 sollicitari
2367 759 2450 813 ut
2474 735 2581 820 ad'.

613 871 775 926 eum
817 844 1208 928 discederet.
1300 841 1447 936 Qui
1476 835 2015 912 admonentibus
2051 838 2286 916 amicis
2317 841 2353 922 ,'
2388 856 2468 910 ut
2490 840 2583 942 li-¹

613 944 795 1025 beris
820 940 952 1023 suis
980 937 1352 1016 consuleret
1385 987 1411 1021 ,
1458 935 1526 1009 si
1552 937 1723 1009 boni
1756 985 1777 1018 ,
1824 936 2050 1029 inquit
2077 984 2101 1019 ,
2145 941 2404 1016 crunt,
2453 935 2564 1011 hic

613 1044 869 1136 agellus
893 1040 990 1111 eis
1014 1034 1321 1110 sufficiet:
1352 1035 1404 1107 fi
1433 1032 1625 1128 mali,
1653 1032 1840 1130 nihil.
1888 1030 2221 1128 Chabrias
2240 1032 2416 1115 dux,
2446 1032 2567 1129 qui

566 1181 572 1190 ·
614 1135 1015 1234 gladiatoria
1040 1154 1181 1210 arte
1212 1143 1516 1231 pugnare
1542 1130 1821 1203 militem
1848 1128 2087 1228 docuit
2112 1157 2138 1210 ‚-
2187 1133 2471 1240 Cypron
2501 1136 2568 1205 &

615 1238 874 1314 Naxon
898 1281 922 1316 ,
972 1241 1040 1306 δι
1075 1253 1317 1305 omnes
1342 1229 1666 1304 Afiaticas
1711 1224 1953 1302 insulas
2000 1228 2289 1306 Athenis
2335 1226 2583 1326 adjung,

616 1332 753 1414 xit,
803 1337 871 1402 δι
896 1328 1075 1401 circa
1109 1327 1335 1414 Thion
1364 1329 1578 1416 navali
1611 1327 1795 1398 bello
1821 1323 2052 1414 occidi
2077 1307 2585 1428 malmuffl‘

618 1418 901 1518 abjectis
927 1424 1132 1498 armis
1163 1442 1459 1496 enatare.
1500 1423 1895 1495 Demetrius
1911 1422 2294 1516 Phalereus,
2328 1422 2429 1495 vir
2450 1422 2567 1497 bo·-

619 1546 752 1602 nus
782 1521 1233 1600 existimatus,
1281 1521 1587 1615 ideoque
1617 1521 1712 1591 ob
1749 1517 2067 1615 insignem
2104 1517 2430 1618 iustitiam
2454 1519 2569 1596 staa

619 1619 759 1698 tuis
783 1642 825 1688 c
848 1641 891 1689 c
906 1643 949 1690 c
978 1619 1071 1694 est
1101 1619 1477 1710 honoratus
1492 1666 1517 1704 ,
1560 1638 1734 1715 quas
1757 1616 1823 1690 ei
1848 1615 1977 1715 pro
2002 1616 2313 1692 libertate
2332 1615 2579 1716 postici

625 1736 789 1800 tunt
816 1716 891 1791 in
915 1712 1084 1791 facie
1106 1714 1410 1812 publica.
2384 1703 2583 1820 :4241

1255 1914 1444 2005 Reges
1489 1905 1925 2006 Macedonum,

766 2091 1083 2192 Hilippus
1106 2141 1131 2177 ,
1181 2092 1491 2206 Amyntae
1536 2090 1718 2166 filius
1742 2138 1764 2172 ,
1813 2089 2068 2189 primus
2112 2073 2576 2167 Macedonum

627 2111 748 2284 P
771 2192 1074 2267 obtinuit
1096 2190 1452 2269 Thraciam
1481 2240 1504 2275 ,
1551 2189 1947 2288 redegitque
1983 2189 2056 2264 in
2080 2184 2261 2265 suam
2291 2189 2587 2287 potest&

633 2308 821 2377 tem:
867 2298 969 2374 &,
998 2310 1160 2361 cum
1187 2289 1458 2366 tranlire
1484 2290 1557 2364 in
1586 2287 1806 2362 Aliam
1834 2288 2081 2373 vellet„
2106 2284 2222 2365 sub
2245 2286 2395 2385 ipso
2428 2289 2587 2366 belli

633 2409 960 2485 apparatu
985 2387 1056 2459 in
1083 2385 1414 2463 theatro'a
1442 2382 1765 2463 Pausania
1794 2384 1890 2459 est
1921 2383 2332 2462 interfectus,
2422 2388 2583 2465 *Ale-

631 2485 891 2561 xander
918 2533 938 2568 ,
991 2484 1276 2583 Philippi
1305 2493 1372 2560 &
1395 2482 1831 2584 Olympiadis
1860 2481 2038 2561 filius
2058 2528 2083 2566 2
2128 2508 2210 2559 ex
2239 2485 2411 2559 urbe
2441 2484 2587 2560 Pel-'

632 2586 699 2667 la
743 2581 1157 2659 Macedoniae
1208 2605 1365 2656 cnm
1412 2605 1515 2653 xr.
1564 2581 1860 2655 millibus
1907 2582 2198 2657 militum
2239 2581 2313 2655 in
2358 2583 2587 2671 Asiam

635 2677 955 2757 tranfiffet
982 2726 1005 2761 ,
1066 2679 1378 2755 Dariums
1405 2700 1638 2775 regem
1684 2674 2022 2752 Persarum
2068 2679 2357 2773 primum
2393 2681 2586 2777 apud

638 2778 1017 2854 Granicum
1050 2774 1304 2849 flumen
1340 2823 1364 2858 ,
1412 2793 1565 2848 tum
1593 2773 1780 2873 apud
1802 2775 2000 2847 lffum
2027 2775 2279 2850 Ciliciae
2305 2778 2587 2866 „tertio

636 2876 824 2971 apud
846 2872 1128 2965 Arbela,
1150 2966 1156 2970 ι
1176 2872 1397 2947 tribus
1424 2872 1695 2968 praeliis,
1726 2871 2016 2969 'triginta
2037 2873 2349 2969 peditum
2373 2876 2592 2974 legioa

637 2995 810 3057 num,
835 3021 855 3056 ,
905 2967 1211 3067 equitum
1249 2969 1356 3043 bis
1389 2970 1574 3045 mille
1613 2968 2019 3044 falcatorum
2054 2992 2372 3047 curruum
2403 2972 2586 3047 vicit.

637 3074 802 3167 Mox
828 3093 899 3143 re
946 3091 1055 3141 em
1082 3065 1452 3151 Indorum,
1501 3074 1570 3140 &
1604 3088 1848 3140 omnes
1870 3065 2034 3140 Afiae
2061 3087 2296 3167 gentes
2322 3069 2438 3143 sub
2459 3092 2591 3168 poe

640 3166 874 3261 testate
921 3188 1007 3238 ua
1036 3164 1330 3263 redegit,
1380 3173 1450 3238 &
1482 3165 1914 3247 nobiliffimas
1941 3165 2142 3238 urbes
2176 3168 2340 3241 Afiae
2361 3168 2588 3263 cepit,

640 3265 1029 3339 Sarbac'cran
1063 3310 1087 3345 ,
1134 3260 1289 3337 Susa
1316 3310 1339 3344 ,
1383 3263 1825 3358 Babyloniam
1851 3310 1875 3345 ,
1933 3261 2055 3334 ubi
2093 3264 2299 3340 etiam
2343 3264 2589 3339 defun-

643 3363 792 3437 &us
824 3410 849 3445 ,
894 3361 1176 3435 dubium
1217 3361 1585 3434 vinolentia
1619 3408 1642 3440 ,
1687 3381 1776 3435 an
1805 3381 2107 3442 veneno,
2167 3385 2327 3433 cum
2356 3380 2595 3436 tamen

643 3458 838 3552 prius
866 3466 931 3530 &
970 3457 1267 3537 Africam
1314 3454 1709 3556 peragrasset
1747 3453 1954 3554 usque
1994 3457 2086 3531 ad
2121 3459 2361 3556 Jovem
2410 3451 2591 3533 Am-

644 3576 921 3645 monem
946 3601 971 3637 ,
1028 3565 1094 3629 &
1143 3558 1506 3629 Oceanum
1545 3555 1808 3652 primus
1847 3553 2155 3626 omniurn
2202 3554 2590 3654 navigaffet.

642 3649 993 3747 Philippus
1015 3701 1037 3734 ,
1085 3653 1206 3747 qui
1230 3653 1382 3747 post
1418 3652 1873 3726 Alexandrum
1905 3649 2355 3727 Macedonem
2391 3652 2593 3750 septi·

647 3772 766 3825 mo
793 3744 1009 3848 gradu
1030 3747 1436 3853 Macedonia}
1466 3750 1810 3853 regnavit,
1838 3749 2122 3850 inviQis
2145 3750 2219 3825 in
2250 3752 2595 3827 Graeciam

2426 3871 2595 3926 Cum
