2813 4718
605 355 655 383 ‘“
1255 340 1317 415 E
1351 358 1406 410 ,ι’
1455 358 1488 408 1
1534 358 1585 410 τ
1629 358 1681 409 o
1726 357 1786 408 u
1831 354 1876 406 n

595 377 781 523 gello
807 438 1155 542 repetitam
1174 486 1198 522 ,
1223 460 1432 534 quam
1457 431 1647 533 prisci
1664 431 1883 507 Latini
1905 449 2419 528 occupaverant,
2442 432 2553 512 did

610 545 779 622 ruit:
813 545 1094 640 pontem
1121 534 1487 610 Sublicium
1506 533 1580 605 in
1608 529 1906 605 Tiberim
1934 525 2131 602 fecit:
2168 534 2554 629 janiculum

614 643 854 737 collem
882 637 1036 712 urbi
1061 633 1322 710 addidit
1353 661 1371 704 ε
1420 631 1590 704 fines
1626 626 1887 726 imperii
1914 628 2243 724 protulit:
2288 631 2554 723 Ostiam

616 737 951 827 condidit.
996 732 1339 831 Regnavit
1352 751 1571 802 annos
1587 732 1757 798 xxxi
1777 751 1803 798 1
1825 751 1882 798 1.
1929 729 2035 796 Eo
2054 747 2409 822 regnante.
2419 734 2559 818 Lu.

615 859 848 915 cumo,
871 831 1221 907 Damarati
1242 826 1585 922 Corinthii
1611 825 1812 906 filius,
1844 845 1884 895 a
1908 822 2327 920 Tarquiniis,
2356 831 2557 902 Etru.

616 929 724 1009 sriae
755 932 1022 1007 civitate
1043 979 1063 1013 ‚
1090 931 1382 1001 Romam
1414 925 1631 1005 venit,
1664 929 1731 994 &
1761 922 1834 994 in
1860 921 2230 996 amicitiam
2256 925 2430 998 Anci
2456 951 2563 1001 re·-

616 1049 893 1130 ceptuS,
919 1026 1262 1122 Tarquinii
1295 1045 1545 1095 nomen
1575 1018 1748 1094 ferre
1779 1017 1990 1116 coepit
2006 1067 2030 1102 ‚
2058 1026 2159 1099 δι,
2191 1020 2341 1117 post
2376 1046 2565 1110 mog.

611 1146 756 1221 tem
788 1127 988 1208 Anci,
1016 1145 1298 1220 regnum
1333 1118 1620 1215 excepit.
1667 1121 1966 1195 Centum
1985 1115 2261 1197 additis,
2287 1139 2563 1214 patrum

614 1218 970 1298 numerum
995 1221 1223 1295 auxit:
1254 1219 1532 1289 Latinos
1550 1213 1833 1312 subegit,
1859 1216 2137 1288 Circum
2166 1214 2565 1314 defignavit,

615 1321 821 1394 ludos
846 1319 1093 1392 edidit:
1129 1316 1534 1391 Sabinorum
1559 1312 1741 1384 bello
1763 1312 2037 1409 petitus,
2068 1314 2375 1408 equitum
2393 1339 2564 1390 cen..

615 1419 827 1492 turias
858 1414 1218 1512 ampliavit.
1265 1411 1629 1484 Tentandoe
1653 1409 1934 1484 scientiae
1962 1406 2153 1486 causa
2169 1412 2340 1488 Attii
2357 1416 2560 1492 Navii

616 1516 926 1612 auguris,
957 1507 1343 1586 consuluisse
1371 1507 1581 1582 fertur
1602 1556 1622 1587 ‚
1657 1532 1744 1582 an
1764 1508 1871 1587 id,
1902 1507 1991 1580 de
2021 1529 2164 1603 quo
2189 1508 2569 1606 cogitaret,

614 1612 801 1705 effici
815 1609 1027 1711 pofl‘et
1045 1641 1061 1682 ι
1088 1608 1452 1706 quodcum
1465 1607 1571 1678 ille
1588 1605 1730 1681 fieri
1764 1603 1946 1701 posse
1964 1607 2408 1703 relpondiss'et,
2436 1611 2563 1696 jus-

613 1708 752 1785 fiss'e=
779 1735 935 1783 eum
963 1711 1288 1782 novacula
1315 1725 1543 1779 cotem
1570 1703 1925 1799 praecidete
1951 1750 1971 1785 ,
2001 1702 2210 1800 idque
2238 1692 2569 1802 protinus
2614 1763 2619 1767 .

611 1810 703 1883 ab
734 1809 938 1881 Attio
961 1804 1228 1880 factum.
1274 1802 1562 1878 Sabinos
1583 1822 1892 1896 praeterea
1916 1800 2063 1874 acie
2092 1801 2295 1898 vicit:
2320 1805 2561 1878 urbem

613 1929 814 1978 muro
846 1900 1317 1979 circumdedit.
1342 1904 1608 1988 cloacas
1633 1897 1811 1980 fecit.
1860 1896 2114 1985 occisus
2144 1896 2235 1968 est
2259 1899 2350 1970 ab
2377 1902 2562 1976 Anci

606 2002 798 2092 filiis,
832 2026 993 2076 cum
1009 1994 1331 2099 regnass‘et
1353 2019 1571 2076 annos
1598 2022 1871 2103 xxxvii
1893 2022 1947 2103 ¹:
1998 1993 2311 2073 Succeffit
2336 1998 2398 2073 ei
2417 2001 2556 2069 Ser.-

602 2103 868 2175 Tullius
893 2151 914 2184 ‚
964 2120 1163 2174 natus
1189 2121 1270 2171 ex
1313 2099 1581 2193 captiva
2075 2092 2088 2103 ‘
2145 2095 2333 2173 ulana
2365 2119 2386 2175 3
2436 2095 2556 2169 cui

603 2220 826 2292 puero
852 2197 1074 2266 adhuc
1093 2198 1162 2266 in
1185 2195 1376 2265 cunis
1399 2193 1591 2288 pofiti
2145 2189 2423 2263 raditum
2439 2191 2566 2266 est.-

600 2294 675 2366 Is
699 2290 1018 2366 Veientes
1043 2307 1248 2398 atque
1264 2285 1584 2367 Etruscos
2145 2285 2404 2358 Densum
2418 2289 2563 2385 pti.

603 2412 764 2463 mus
779 2387 1086 2461 omnium
1103 2402 1264 2483 egit.
1308 2382 1622 2455 Lustrum
1637 2401 1974 2461 condidit,
1992 2404 2138 2475 quo
2155 2383 2344 2457 censa
2364 2390 2560 2462 οᾶοἱ,

598 2488 793 2583 ginta
809 2483 1007 2559 millia
1027 2480 1151 2557 else
1164 2482 1506 2555 dicuntur.
1530 2476 1774 2554 Classes
1791 2478 2251 2571 centuriasque
2267 2480 2563 2590 descript·

596 2584 697 2655 iit.
765 2582 1187 2656 Pomoerium
1218 2576 1550 2675 protulit:
1591 2576 1818 2650 Colles
1851 2575 2034 2657 urbi,
2082 2576 2565 2680 Quirinalem,

596 2675 1601 2773 Viminalem‚Esquilinumque
1626 2673 1886 2763 adjecit.
1933 2674 2294 2771 Templum
2310 2676 2561 2767 Diana>-

597 2803 758 2860 cum
771 2775 1034 2851 Latinis
1053 2775 1122 2847 in
1141 2776 1484 2847 Aventino
1510 2769 1690 2846 fecit.
1723 2768 2118 2844 interfectus
2142 2771 2234 2845 est
2259 2797 2297 2848 a
2314 2777 2568 2851 1..Tar-.

595 2876 833 2974 quinio
855 2870 1047 2947 Prisci
1063 2874 1204 2946 filio
1217 2921 1240 2954 ,
1266 2870 1551 2945 confilio
1564 2872 1706 2942 filiae
1728 2866 1845 2941 suae
1862 2870 2109 2952 Tulliae,
2123 2894 2279 2942 cum
2293 2873 2557 2981 regnas-

593 2974 687 3047 set
712 2996 931 3046 annos
956 2972 1242 3068 triginta
1270 2986 1594 3066 quatuor.
1640 2965 1793 3039 Post
1816 2968 1995 3040 hunc
2028 2970 2095 3037 L.
2128 2967 2554 3063 Tarquinius

598 3070 973 3165 Superbus,
994 3090 1216 3162 neque
1239 3087 1535 3160 patrum,
1556 3086 1781 3160 neque
1808 3065 2040 3162 populi
2057 3061 2243 3157 justu,
2256 3085 2552 3159 regnum

596 3165 833 3238 invafit
852 3187 1028 3259 :quo
1043 3164 1149 3235 die
1163 3161 1472 3234 scelerata
1486 3161 1703 3234 Tullia
1726 3184 1844 3257 per
1870 3161 2078 3256 patris
2101 3158 2289 3253 jacen
2297 3160 2383 3234 tis
2397 3167 2557 3237 cor'-

594 3284 725 3359 pus
756 3279 1150 3355 carpentum
1181 3258 1338 3353 egit.
1383 3265 1715 3331 Armatos
1744 3256 1925 3331 circa
1954 3255 2012 3328 se
2042 3256 2129 3329 ad
2166 3257 2560 3354 custodian)

595 3358 908 3453 corporis
927 3354 1021 3427 sui
1049 3355 1304 3427 habuit.
1350 3358 1658 3428 Turnum
1676 3353 2096 3426 Herdonium
2116 3352 2357 3430 fraude
2372 3358 2561 3433 inte·
2596 3395 2598 3398 v

593 3457 820 3529 remit.
857 3458 1112 3527 Bellum
1139 3475 1298 3525 cum
1314 3452 1576 3525 Volscis
1597 3452 1782 3551 geffit
1805 3458 1913 3522 :.&
1945 3476 2026 3523 ex
2054 3474 2283 3525 eorum
2314 3456 2558 3552 praeda-

591 3556 921 3647 templum
958 3551 1104 3645 Iovi
1130 3549 1199 3621 in
1223 3548 1573 3646 Capitolio
1602 3548 1778 3651 feci-t.
1826 3550 2261 3623 Terminus&
2284 3543 2558 3647 Juve'n.-⁴
2591 3627 2597 3637 ,

590 3667 697 3722 tas
717 3672 855 3721 non
885 3646 1196 3720 addixere
1220 3672 1548 3739 :quorum
1564 3670 1686 3720 arae
1700 3648 1955 3721 moveri
1968 3669 2120 3736 non,
2180 3657 2561 3735 otuerunt‘a
2680 3731 2690 3739 ,

588 3748 727 3819 Filii
756 3746 933 3819 Sexti
952 3744 1301 3842 Tarquinii
1330 3747 1520 3824 dolo,
1547 3744 1815 3817 Gabios
1840 3744 1909 3815 in
1928 3764 2096 3840 pote
2194 3763 2331 3819 tem
2350 3747 2568 3847 suam,=

586 3843 866 3956 redegit.
915 3843 1138 3937 Hujus
1162 3841 1314 3917 filiis
1339 3842 1653 3961 Delphos
1684 3839 2028 3943 profefii‘s,
2054 3851 2121 3928 δι
2137 3840 2548 3953 consulent&

2160 3941 2552 4049 *ws-
