2813 4718
374 394 377 395 ᾗ
780 301 1766 401 Hrs'rLRoM'a'Nss.
1959 318 2181 409 „b”

247 392 514 472 'editum
540 383 864 474 insederat
889 401 1410 507 reliqueratque‚
1439 441 1648 514 quum
1676 352 2173 509 vinateriis-'‘exi-

244 494 453 589 pliciti
486 493 855 592 fugientem
897 504 1364 596 proconsulem
1414 518 1909 617 exercitumque
1939 524 2171 607 conse·-

236 591 384 663 ‘cuti
411 641 433 673 ,
485 593 552 663 in
578 594 837 670 Italiam
862 596 1309 688 traiecissem„
1349 606 1597 691 iuuetis
1623 615 1915 705 ejusdem
1942 626 2161 703 Catuli

236 692 303 758 δι
330 687 416 760 C.
441 690 631 764 Marii
652 693 1067 769 exercitibus
1101 751 1122 777 ,
1171 702 1392 793 praelio
1424 708 1575 782 νῐᾶἰ
1608 708 1757 786 sunt
1783 717 1872 789 ab
1897 719 2041 794 eis:
2085 725 2160 798 in

190 860 207 867 ,
231 805 379 878 quo
437 785 591 860 caesa
633 791 995 864 traduntur
1055 793 1347 872 hostium
1381 825 1656 878 centum
1715 814 2157 913 quadraginta

233 881 457 963 millia,
496 900 695 980 capta
717 883 1074 985 sexaginta.
1122 896 1413 985 Marius,
1443 900 1658 978 totius
1682 908 1970 985 civitatis
1990 937 2156 989 con-

227 972 401 1061 sensu
431 1001 780 1079 exceptus,
806 1007 930 1081 pro
950 986 1225 1065 duobus
1240 993 1609 1092 triumphis
1633 1005 1753 1094 qui
1779 1005 2154 1087 offereban-

223 1082 546 1175 tur-‚iuno
568 1090 947 1155 ,contentus
968 1080 1120 1156 fuit.
1167 1089 1496 1164 Primores
1521 1094 1840 1184 civitatis,
1874 1106 1992 1199 qui
2025 1111 2148 1183 ali.-

224 1172 532 1265 quamdiu
555 1222 578 1256 ,
629 1194 713 1248 ut
756 1200 938 1254 novo
977 1181 1243 1264 homini
1271 1186 1361 1260 ad
1392 1206 1629 1264 tantos
1664 1194 1958 1273 honores
1996 1212 2154 1280 eve'-.

225 1268 373 1350 ἀοι
410 1269 836 1357 inviderant,
887 1277 1341 1352 conservatam
1383 1284 1473 1357 ab
1509 1311 1594 1358 eo
1623 1293 2135 1390 Rempublicam

218 1359 604 1459 fatebantur,
644 1373 1009 1459 *Publicius
1041 1376 1402 1471 Malleolus
1431 1428 1455 1462 ,
1498 1390 1711 1460 matre
1736 1391 2134 1483 interemta,

214 1458 452 1555 Pthius
480 1467 803 1559 omnium
827 1466 1073 1545 insutus
1094 1475 1292 1557 ,culeo
1313 1523 1334 1559 ,
1360 1478 1429 1547 in
1458 1491 1642 1554 mare
1682 1491 2131 1586 praecipita‘tus

216 1554 314 1629 est.
362 1558 634 1639 Ancilia
656 1587 819 1639 curn
847 1566 1119 1664 strepitu
1144 1584 1334 1647 mota
1355 1573 1518 1659 effe,
1542 1599 1910 1679 antequam
1941 1591 2131 1665 Cim-

210 1651 457 1733 bricam
505 1663 763 1739 bellum
809 1664 1365 1743 consummaretur
1393 1718 1415 1750 ‚
1459 1673 1858 1761 referuntur.
1951 1690 2129 1768 Bella

202 1770 493 1847 -praeterea
519 1763 705 1835 inter
727 1760 925 1856 Syriae
949 1787 1141 1862 reges
1173 1766 1351 1864 gesta
1380 1772 1712 1850 continet.

527 1928 532 1934 ’
645 1930 1643 2012 EP110M2L112.LXIX.
1763 1955 1765 1958 ’

204 2050 324 2218 L
366 2045 749 2143 Appuleius
770 2047 1164 2124 Saturninus
1188 2099 1210 2133 ,
1253 2054 1616 2143 adjuvante
1647 2058 1724 2131 C.
1753 2062 2010 2148 Mario,
2041 2076 2114 2140 δι

327 2163 489 2236 .per
513 2141 769 2217 milites
801 2146 1021 2220 occiso
1069 2153 1151 2223 A.
1178 2151 1419 2233 Nonio
1451 2158 1895 2249 competitore
1920 2208 1945 2244 ,
1996 2165 2119 2236 tri-‘

200 2229 397 2308 bunus
421 2240 648 2334 plebis
681 2262 800 2336 per
827 2243 962 2315 vim
986 2265 1255 2320 creatus
1282 2296 1308 2345 ,
1354 2254 1495 2323 n'on
1529 2251 1757 2327 minus
1790 2256 2124 2349 violenter,

198 2330 639 2422 tribunatum,
683 2357 892 2434 quam
927 2344 1242 2438 petierat,
1286 2349 1504 2444 geffit3
1551 2354 1622 2421 ec
1650 2352 1862 2449 quum
1887 2357 2112 2454 legem

192 2431 527 2525 Agr-ariam
564 2457 686 2532 per
717 2439 855 2509 vim
907 2438 1148 2516 tulisset
1174 2490 1196 2523 ,
1241 2449 1516 2519 Metello
1551 2451 1922 2546 Numidico
1947 2501 1970 2537 ,
2017 2479 2123 2529 eo.

189 2527 373 2620 quod
398 2530 470 2602 in
510 2541 658 2604 eam
684 2555 825 2606 non
861 2534 1180 2621 iurauerat
1209 2589 1233 2626 ‚
1275 2541 1455 2618 diem
1499 2544 1687 2640 dixit.
1722 2551 1842 2645 qui
1887 2573 2110 2645 quum
2191 2608 2196 2611 ·

188 2641 226 2695 a
263 2624 451 2699 bonis
502 2628 767 2705 civibus
804 2628 1272 2712 defenderetur
1299 2689 1321 2723 ,
1390 2665 1479 2716 ne
1517 2643 1728 2719 cauffa
1768 2648 2104 2736 majorum

189 2726 609 2799 certaminum
633 2725 790 2801 effet
812 2776 833 2808 2
878 2730 949 2803 in
972 2736 1426 2824 voluntarium
1465 2740 1730 2813 exilium
1770 2742 2103 2818 Rhodum

189 2818 523 2911 prosternas
544 2824 665 2897 est:
712 2824 948 2921 ibique
972 2832 1259 2926 legendo
1286 2851 1325 2914 ,·
1355 2842 1425 2906 δι
1458 2837 1809 2911 audiendis
1837 2842 2105 2934 magnis

186 2914 322 2990 viris
340 2965 362 3000 ,
401 2921 718 2996 vacabat.
793 2922 1100 3004 Profe-eto
1131 2931 1212 3002 C.
1244 2932 1514 3005 Marius
1534 2979 1556 3013 ,
1601 2930 1948 3008 seditionis
1973 2953 2099 3024 ιιι-ζ
2183 2969 2187 2973 ·

188 3011 350 3096 ἃοτ,
390 3019 521 3115 qui
546 3016 796 3094 sextum
825 3021 1240 3095 consulatum
1269 3049 1388 3119 per
1415 3027 1634 3099 tribus
1663 3025 1864 3124 sparsa
1885 3050 2097 3126 pecu-⁴

185 3108 282 3181 nia
301 3134 589 3199 emetat,
635 3139 816 3210 aqua
834 3123 903 3203 &
933 3120 1075 3213 igni
1106 3120 1468 3192 interdixit.
1511 3121 1700 3195 Idem
1725 3128 2094 3222 Appuleius

184 3207 593 3297 Saturninus,
638 3213 953 3287 tribunus
971 3213 1219 3310 plebis,
1266 3214 1347 3289 C.
1377 3221 1811 3306 Memmium,
1859 3228 2091 3300 candi·-

185 3300 387 3382 datum
418 3309 842 3398 consulatus,
861 3332 1073 3409 quem
1103 3313 1403 3389 maxime
1425 3318 1864 3395 adversarium
1877 3324 2086 3397 aetio-

182 3397 357 3478 nibus
376 3404 514 3479 suis
539 3408 859 3489 timebat,
902 3408 1260 3489 interemit.
1303 3418 1558 3514 quibus
1586 3416 1787 3490 rebus
1800 3467 1824 3504 ,
1845 3423 2089 3508 conci-⁴,

176 3507 307 3571 tato
331 3504 568 3579 senatu
599 3506 705 3598 (in
735 3507 926 3596 cujus
953 3506 1275 3593 cauffam,
1323 3520 1392 3583 δε
1425 3522 1509 3588 C.
1530 3516 1814 3596 Marius,
1862 3517 2079 3597 homo
2167 3604 2173 3609 ,

171 3599 492 3675 mutabilis
517 3648 543 3685 ,
588 3609 656 3673 δι
679 3605 850 3679 varii
891 3606 1146 3698 consilii
1182 3606 1632 3706 ingeniique,
1679 3612 1798 3710 qui
1830 3611 2080 3709 semper

165 3682 509 3775 secundum
537 3694 887 3775 fortunam
913 3703 1290 3788 transierat,
1316 3728 1531 3807 quum
1555 3731 1713 3782 eum
1740 3711 1915 3783 tueri
1942 3712 2094 3789 mi·-

169 3785 335 3959 uimqg
362 3790 653 3967 polsst),
671 3797 1015 3906 oppressu}
1035 3800 1249 3976 arm}
1263 3824 1429 3881 cum
1448 3805 1747 3911 Glaucia
1776 3813 2079 3976 Prgtplre·

257 3951 261 3955 .
301 3915 425 3967 om·
554 3943 572 3966 .
1223 3919 1227 3926 ’
1830 3982 1859 3994 ,
1983 3921 2092 3999 ⁴us
