2813 4718
630 327 730 409 ΞΕ
916 320 2289 405 .L'u‹2'11AMt··ni.11⁵-

1107 518 1426 616 Clarifflmi
1451 483 1624 589 liures
1643 517 2075 587 Romanorum.

610 807 618 813 ,
793 716 1064 797 Rurus,
1093 711 1213 810 qui
1240 731 1368 807 pro
1394 705 1699 781 libertate
1717 699 1987 798 publica
2007 698 2261 776 liberos
2290 698 2444 777 suos
2465 702 2575 775 in·-

637 731 773 902 B
792 812 1072 887 terfecit.
1169 804 1473 881 Valerius
1507 800 1851 876 Publicola
1872 846 1896 881 ,
1943 797 2067 893 qui
2096 818 2377 896 propter
2404 821 2576 874 ean..

639 917 796 988 dem
818 912 1194 983 libertatem
1210 898 1520 977 adversus
1545 894 1954 995 Tarquinios
1982 897 2228 968 bellum
2263 898 2574 970 exercuit.

640 1008 836 1084 Idem
866 1008 968 1098 jus
996 1001 1319 1077 libertatis
1350 998 1583 1071 dando
1607 994 1934 1089 populum
1958 992 2320 1091 ampliavit.
2381 999 2593 1065 Man-

640 1108 769 1179 lius
789 1109 1177 1200 Torquatus
1193 1150 1215 1183 ,
1258 1096 1380 1193 qui
1402 1096 1490 1168 ad
1515 1087 2050 1167 confirmandam
2080 1090 2447 1164 castrorum
2468 1088 2579 1174 di-

642 1201 978 1300 sciplinam
998 1198 1223 1271 filium
1241 1192 1438 1266 suum
1481 1187 1842 1264 interfecit.
1938 1186 2272 1287 Qinrius
2297 1186 2580 1258 Cincin-

647 1303 846 1372 natus
876 1345 897 1376 ,
943 1296 1125 1368 idem
1156 1295 1474 1365 Serranus
1500 1335 1522 1369 ,
1590 1286 1702 1360 cui
1735 1282 1951 1358 aranti
1995 1287 2319 1357 metatura
2361 1284 2581 1359 delata

646 1395 759 1469 est.
853 1392 1175 1468 Camillus
1205 1437 1227 1472 ,
1272 1386 1394 1483 qui
1422 1432 1443 1465 ,
1485 1392 1830 1457 Senonum
1866 1397 2065 1476 gente
2097 1380 2316 1453 deleta
2348 1381 2581 1451 Gallo-

647 1505 798 1566 'rum
836 1538 859 1573 ,
900 1485 1234 1561 incensam
1257 1484 1356 1558 ab
1386 1481 1486 1555 eis
1510 1481 1741 1553 urbem
1782 1477 2083 1549 restituit.
2182 1476 2369 1550 Fabii
2396 1475 2579 1549 duo:

650 1585 947 1684 quonam
976 1586 1139 1658 alter
1168 1600 1302 1653 una
1330 1600 1563 1676 pugna
1590 1572 1934 1668 Etruscos,
1976 1573 2306 1647 Samnitas
2337 1620 2361 1651 .
2409 1577 2583 1646 Um-

649 1686 817 1758 bros
852 1732 875 1767 ,
920 1679 1277 1775 Gallosque
1323 1677 1582 1772 subegit
1602 1723 1624 1756 ‚
1670 1670 2059 1744 Libertinos
2081 1668 2121 1742 ὲ
2150 1670 2462 1742 tribubus
2489 1695 2594 1743 re··

650 1781 963 1952 purgavit
990 1827 1013 1861 ,
1068 1777 1365 1869 ideoque
1411 1772 1745 1847 Maximus
1790 1766 2311 1865 cognominatus
2343 1795 2362 1837 ε
2422 1770 2594 1841 alter,

704 1879 900 1952 abins
929 1873 1374 1949 Hannibalem
1412 1890 1602 1949 mora
1629 1864 1828 1959 fregit
1854 1912 1877 1946 ,
1921 1887 2004 1935 ex
2029 1865 2179 1959 quo
2207 1863 2591 1938 Cunaaton

653 1977 751 2049 est
780 1971 1325 2071 cognominatus.
1401 1965 1703 2063 Papirius
1727 1957 1975 2035 Cursor
2003 2007 2025 2041 ,
2070 1960 2186 2033 bic
2205 1962 2530 2035 Samnites
2554 2010 2579 2045 ,

653 2073 779 2186 qui
810 2072 1169 2145 Romanos
1196 2065 1316 2140 sub
1341 2066 1578 2161 jugum
1609 2057 1981 2158 pugnando
2011 2055 2347 2141 miserant,
2374 2060 2581 2133 νίἂοε

654 2168 1026 2267 ignominia
1057 2166 1199 2261 pari
1230 2161 1522 2247 adfecit,
1545 2166 1612 2231 &
1646 2180 1686 2233 a
1713 2155 2066 2231 velocitate
2087 2151 2333 2230 Cursor
2356 2155 2451 2227 est
2471 2180 2582 2253 ap-

657 2270 965 2367 pellatus.
995 2263 1300 2343 Curius,
1347 2282 1503 2333 cum
1531 2258 1602 2330 in
1627 2252 1792 2329 foco
1810 2274 2012 2349 rapas
2035 2269 2321 2325 torreret
2345 2298 2368 2332 ,
2408 2252 2594 2326 offe-.

654 2366 998 2446 rentibus,
1042 2363 1264 2443 Malo,
1312 2354 1571 2453 inquit.
1616 2352 1688 2425 in
1714 2349 2218 2439 fifitilibus‘meis
2251 2356 2320 2422 &
2348 2373 2598 2425 aurum.

657 2462 1069 2537 habentibus
1100 2458 1451 2554 imperare.
1493 2450 1838 2527 Fabricius
1864 2446 2221 2527 Luscinus,
2262 2448 2385 2543 qui
2414 2452 2590 2544 Cor-2

658 2562 910 2634 nelium
951 2556 1281 2634 *Rufinum
1311 2548 1726 2622 consularem
1773 2547 1991 2620 virum
2029 2543 2257 2622 senatu
2302 2547 2591 2630 amovit,

655 2659 929 2731 luxuriae
956 2665 1022 2728 δι
1053 2650 1334 2726 avaritiae
1370 2647 1762 2720 damnatum
1774 2646 1809 2725 ',
1855 2643 2052 2738 quod
2078 2644 2316 2717 decem
2347 2644 2589 2738 pondo

656 2755 919 2850 argenti
948 2751 1318 2848 poffideret.
1371 2742 1696 2818 Claudius
1725 2741 2105 2823 Marcellus,
2149 2741 2269 2836 qui
2302 2741 2595 2814 Anniba·

658 2854 784 2924 lem
818 2850 1073 2946 primus
1097 2848 1165 2914 in
1202 2842 1576 2937 Campania
1604 2836 1829 2936 praelio
1856 2835 2065 2920 vicit·,
2109 2836 2428 2935 idemque
2461 2838 2591 2910 do-

660 2946 856 3030 cuit,
903 2947 973 3017 in
999 2944 1173 3013 bello
1205 2939 1566 3037 quomodo
1600 2935 1864 3030 equites
1880 2932 2024 3007 fine
2061 2929 2224 3031 fuga
2252 2933 2591 3010 cederent.

659 3046 1012 3143 Scipiones
1036 3039 1219 3118 duo,
1265 3057 1566 3133 quorum
1597 3034 1759 3107 alter
1796 3029 2017 3126 prior,
2043 3027 2402 3104 Africanus
2424 3082 2447 3115 ,
2473 3032 2596 3129 qui

664 3144 1071 3216 Annibalem
1097 3144 1164 3208 &
1196 3136 1267 3207 in
1301 3157 1387 3206 eo
1417 3128 1708 3204 Africam
1734 3128 2118 3207 debellavit,
2167 3133 2336 3200 alter
2369 3130 2592 3225 Scipio

662 3237 1126 3314 Numantinus
1158 3282 1182 3317 ,
1247 3230 1366 3327 qui
1412 3226 1892 3324 Carthaginem
1921 3232 1988 3297 δι
2017 3227 2463 3298 Numantiam
2486 3226 2597 3298 di-

663 3336 931 3410 ruendo
955 3384 977 3417 ,
1020 3335 1093 3405 in
1121 3324 1649 3408 hac‘Africam·,
1696 3324 1769 3394 in
1796 3321 1902 3393 illa
1949 3318 2329 3417 Hispaniam
2376 3320 2596 3419 fregit.

664 3437 973 3523 Quintus
996 3433 1224 3509 Nero,
1255 3427 1408 3521 qui,
1447 3422 1776 3495 Annibale
1814 3418 1887 3489 in
1914 3419 2152 3510 Apulia
2180 3421 2452 3503 relieto,
2483 3443 2600 3493 ve-
2738 3418 2739 3427 ’

665 3531 968 3604 nientem
997 3530 1086 3603 ab
1113 3523 1425 3619 Hispania
1453 3516 1929 3593 Hasdrubalem
1976 3517 2245 3613 excepit
2277 3565 2300 3600 ,
2352 3512 2604 3613 copias-

668 3649 804 3722 que
832 3628 973 3713 ejus
1011 3648 1152 3695 uno
1200 3621 1310 3693 die
1352 3619 1539 3713 apud
1589 3621 1972 3688 Metaurum
2005 3612 2253 3684 flumen
2301 3613 2603 3695 devicit,

665 3719 933 3825 quisese
956 3742 1114 3792 cum
1146 3716 1459 3788 Annibali
1481 3710 1825 3809 junxisset,
1852 3709 2144 3783 dubitari
2168 3731 2311 3782 non
2346 3709 2567 3806 potest
2584 3756 2607 3793 ,

670 3822 861 3922 paria
891 3819 991 3895 eis
1011 3813 1466 3916 praestaturum
1488 3834 1634 3884 non
1656 3806 1859 3910 fuiffe3
1937 3807 2183 3908 gaulus
2210 3856 2233 3896 ,
2283 3808 2409 3905 qui
2443 3829 2607 3878 cum

2374 3909 2613 4007 Mace:
