2813 4718
639 368 671 433 ι·
688 382 730 434 2
1309 350 1374 427 E
1421 377 1460 426 Ρ
1511 377 1543 425 1
1591 374 1637 424 τ
1680 376 1731 426 o
1780 378 1835 426 u
1883 377 1925 425 ι

620 457 740 542 ῐετ,
755 460 823 530 Ρ.
839 454 1044 529 Decii
1059 451 1282 526 Muris
1310 452 1568 525 tribuni
1598 450 1889 527 militum
1919 468 2130 550 opera
2153 450 2437 535 servatus
2453 463 2576 538 est,

618 548 2222 724 2335152‘35350552222‘1212‘52{aaa}333,ss
2243 560 2579 726 83“ι“”ἰῑες

619 746 951 821 evadendi
969 698 1166 821 deciit
1187 774 1205 817 ε
1228 744 1363 842 ipse
1392 744 1481 817 ab
1509 742 1816 818 hostibus
1851 674 2575 849 circucinseffggneffigffi

617 845 887 921 Milites
908 842 1233 922 Rotnani,
1267 842 1385 938 qui
1413 847 1661 938 Capuae
1688 841 1760 913 in
1789 843 2091 940 praefidio
2114 862 2303 920 erant
2330 851 2576 936 reliffl,

619 965 839 1038 quum
872 942 960 1015 de
989 964 1068 1019 ea
1092 941 1503 1036 occupanda
1534 938 1700 1015 urbe
1730 937 2233 1038 conspirassent,
2278 950 2348 1016 &
2379 944 2572 1022 dete-

619 1043 736 1113 sto
765 1037 1080 1123 confilio,
1124 1055 1317 1110 metu
1345 1033 1643 1133 supplicii
1676 1059 1715 1110 a
1747 1040 2004 1135 populo
2036 1038 2358 1114 Romano
2387 1044 2575 1120 defe-

618 1134 892 1211 scissent:
931 1159 1054 1232 per
1083 1140 1182 1207 M.
1221 1135 1566 1208 Valerium
1598 1132 1975 1207 Corvinum
1998 1134 2426 1224 dietatorem,
2452 1143 2574 1239 qui

618 1233 897 1308 concilio
935 1232 1054 1307 suo
1079 1252 1205 1306 eos
1241 1252 1282 1304 a
1319 1227 1547 1304 furore
1575 1250 1926 1307 revocarat
1946 1281 1969 1318 ,
2016 1233 2241 1331 patria:
2281 1237 2571 1317 restituti

617 1325 789 1403 funt.
851 1326 995 1404 Res
1022 1345 1335 1426 praetetea
1357 1344 1601 1400 contra
1630 1329 1971 1405 Hernicos
1995 1380 2020 1414 ‚
2072 1339 2138 1404 &
2168 1332 2401 1408 Gallos
2422 1382 2444 1415 ‚
2490 1340 2565 1416 &t

616 1427 975 1512 Tiburtes,
1012 1433 1081 1499 &
1118 1426 1529 1499 Privernates
1553 1473 1575 1507 ‚
1621 1432 1687 1498 &
1721 1426 2269 1524 Tarquinienses,
2292 1431 2565 1508 &Sam-

615 1525 833 1614 nites,
860 1533 930 1602 &
960 1522 1279 1604 Volscos,
1310 1520 1614 1621 prospere
1635 1523 1853 1621 gestas
1875 1528 2208 1602 continet.
2557 1524 2562 1529 ’

1074 1663 1096 1683 ”
1134 1690 1551 1765 Evnomia
1599 1689 1779 1763 Lu.
1825 1692 2106 1767 vnn

616 1825 956 2005 LAtini
983 1846 1139 1897 cum
1163 1825 1529 1923 Campanis
1549 1823 1982 1911 defecerunt,
2009 1832 2078 1899 &
2101 1824 2304 1899 miffis
2329 1821 2572 1922 legatis

775 1925 865 1999 ad
895 1919 1190 1995 senatum
1213 1921 1688 2016 conditionem
1717 1925 2047 2008 tulerunt,
2090 1934 2204 2008 ut,
2244 1922 2290 1994 fi
2319 1940 2567 2017 pacem

614 2018 861 2096 habere
885 2023 1163 2105 vellent,
1187 2023 1466 2095 alterum
1500 2045 1583 2095 ex
1600 2019 1863 2097 Latinis
1886 2020 2224 2096 consulem
2248 2015 2565 2094 facerent.

614 2125 778 2214 Qua
801 2118 1140 2217 legatione
1163 2121 1452 2214 perlata,
1496 2138 1738 2218 praetor
1760 2142 1995 2193 eorum
2027 2117 2293 2192 Annius
2326 2113 2413 2188 de
2432 2117 2566 2194 Ca-

611 2218 861 2314 pitolio
891 2220 988 2292 ita
1014 2214 1352 2313 prolapsus
1377 2216 1472 2289 est
1491 2266 1516 2300 ‚
1564 2236 1643 2290 ut
1671 2216 2179 2293 exanimaretur.
2227 2214 2309 2290 T.
2342 2212 2568 2287 Man·-

583 2313 743 2386 wius
779 2311 1005 2387 consul
1041 2312 1256 2398 filium
1287 2359 1309 2393 ‚
1357 2313 1552 2408 quod
1584 2332 1824 2389 contra
1860 2315 2162 2389 edibium
2212 2309 2566 2389 adversum

610 2410 940 2493 Latinos,
985 2408 1294 2507 quamvis
1319 2407 1625 2507 prospere
1658 2459 1680 2493 ,
1731 2407 2083 2508 pugnasset
2112 2460 2135 2496 ,
2187 2409 2388 2483 securi
2408 2432 2568 2507 per-

614 2510 822 2582 cuffit.
915 2505 1410 2582 Laborantibus
1447 2507 1517 2578 in
1556 2506 1696 2581 acie
1728 2507 2060 2583 Romanis
2085 2551 2107 2588 2
2154 2508 2227 2581 P.
2266 2503 2562 2588 Decius.

613 2624 786 2682 runc
819 2603 1052 2681 consul
1090 2627 1248 2678 cum
1286 2602 1560 2678 Manlio
1584 2651 1628 2686 ,,
1651 2601 1929 2678 devovit
1965 2604 2027 2676 se
2056 2628 2185 2703 pro
2226 2605 2564 2680 exercitus

614 2710 687 2781 &
718 2753 741 2788 ‚
788 2704 1141 2778 concitato
1179 2724 1359 2800 equo
1392 2751 1416 2786 ,
1460 2724 1677 2797 quum
1718 2702 1785 2774 in
1816 2703 2078 2776 medios
2109 2701 2333 2776 hostes
2360 2699 2421 2775 se
2447 2700 2586 2775 in-'

611 2799 858 2875 tuiiffet
884 2850 907 2886 ,
953 2796 1343 2873 interfeEtus
1373 2849 1395 2883 ,
1444 2818 1658 2873 morte
1695 2798 1801 2875 sua
1834 2798 2171 2875 Romanis
2210 2800 2563 2874 vistoriam

612 2899 923 2973 restituit.
971 2898 1193 2973 Latini
1222 2896 1745 2970 indeditionem
1773 2916 2125 2973 venerunt.
2171 2902 2252 2970 T.
2286 2895 2565 2972 Manlio

609 2995 687 3071 in
711 2998 945 3073 urbem
985 2992 1246 3072 reverso
1280 3044 1303 3079 ,
1363 3018 1568 3068 nemo
1596 3018 1676 3067 ex
1709 2995 2054 3084 juventute
2085 2997 2361 3070 obviam
2387 3017 2565 3092 pro-

612 3096 815 3168 ceffit.
882 3094 1183 3168 Minucia
1220 3094 1417 3188 virgo
1450 3090 1728 3167 Vestalis
1754 3141 1776 3173 ‚
1819 3091 2050 3166 incesti
2088 3095 2409 3168 damnata
2443 3089 2562 3171 est.

613 3191 1005 3265 Ausonibus
1041 3190 1232 3262 viffis
1254 3241 1275 3273 ,
1322 3192 1394 3262 in
1428 3190 1772 3287 oppidum
1810 3189 2001 3264 exiis
2035 3211 2315 3290 captum
2360 3191 2564 3265 Cales

613 3287 889 3361 colonia
915 3285 1202 3359 dedufia
1229 3286 1340 3359 est.
1411 3295 1587 3362 Item
1624 3291 1925 3387 Fregellae
1955 3292 2229 3376 colonia
2258 3287 2567 3366 deduc'tae

609 3383 780 3459 sunt.
874 3384 1300 3461 veneficium
1347 3386 1803 3480 complurium
1837 3403 2295 3461 matronarum
2324 3385 2569 3479 depre-

610 3480 891 3556 hensum
922 3512 941 3554 ε
993 3506 1280 3578 quarum
1308 3483 1605 3578 plurimae
1652 3481 1872 3555 statim
1906 3485 2131 3581 epotis
2163 3483 2573 3557 medicami-

607 3581 812 3656 nibus
838 3583 1202 3679 perierunt.
1253 3584 1397 3651 Lex
1427 3577 1514 3650 de
1544 3578 1878 3656 veneficio
1896 3591 2057 3654 tunc
2080 3582 2374 3678 primum
2390 3605 2573 3656 con-

606 3676 868 3752 stituta.'
909 3678 1446 3760 Privernatibus,
1493 3701 1708 3774 quum
1739 3679 2183 3760 rebellafl'ent,
2234 3677 2423 3752 vistis
2446 3673 2563 3756 ci-

606 3783 783 3851 vitas
810 3775 971 3869 data
1000 3777 1114 3849 est.
1165 3775 1611 3871 Palaepolitani
1631 3829 1651 3857 ‚
1688 3777 1869 3849 bello
1898 3785 1966 3852 &
1996 3777 2346 3852 obfidione
2374 3775 2563 3862 viai,

600 3871 674 3950 in
707 3873 1131 3951 deditionem
1162 3891 1511 3962 venerunt.
1550 3874 1952 3981 Q-‚Pubiiiio
1977 3924 2003 3965 ,
2048 3876 2171 3978 qui
2199 3895 2324 3980 eos
2344 3871 2556 4055 3ξὴ-
