2813 4718
618 314 716 403 ξε
1030 285 2151 378 [σοιιΑυΡιιιί

940 501 1242 584 Romani,
1289 505 1395 600 qui
1421 506 1488 571 in
1514 445 1679 593 ‘Tagen
1687 495 1956 590 ficerunt
1979 456 2257 585 inustus.

635 708 833 874 M
857 693 1074 772 A‘nius
1105 701 1403 798 Agrippa
1437 749 1460 783 ,
1504 699 1623 796 qui
1652 696 2068 773 diffidentem
2110 700 2446 795 populum
2480 695 2578 770 se·
2608 723 2611 728 ⁴

635 823 642 828 ·
854 797 1045 867 natui
1080 797 1443 894 conligavit
1479 844 1500 874 ,
1547 819 1755 891 atque
1801 795 2205 869 conciliavit.
2298 794 2574 892 Appius

629 893 898 971 Caecus,
948 894 1071 986 qui
1089 901 1326 988 pacem
1355 894 1584 992 Pyrrhi
1612 895 1915 972 diremit,
1966 915 2053 966 ne
2081 894 2375 989 populus
2394 939 2419 974 ‚
2447 892 2581 989 qui·

623 987 756 1060 suis
783 1011 1014 1081 parere
1040 997 1349 1064 noluerat
1376 1041 1397 1071 ‚
1444 992 1562 1064 sub
1586 994 1878 1065 externis
1906 990 2182 1086 regibus
2202 1009 2571 1085 regeretur.

625 1085 937 1158 Tiberius
957 1088 1312 1162 Gracchus
1326 1139 1343 1170 ,
1367 1093 1486 1184 qui
1509 1090 1926 1183 ‚scipionem
1949 1087 2310 1161 Asiaticum
2328 1093 2577 1182 quam-

626 1181 732 1256 vis
760 1185 1110 1258 inimicum
1161 1188 1436 1260 haberet
1467 1235 1489 1269 ,
1537 1210 1680 1258 non
1721 1187 1815 1261 est
1863 1183 2075 1283 paffus
2105 1205 2146 1256 a
2170 1184 2470 1257 tribunis
2499 1183 2575 1256 in

626 1291 974 1365 carcerem„
983 1283 1142 1352 duci
1164 1330 1186 1363 ‚
1235 1285 1428 1375 quod
1457 1285 1710 1357 diceret
1741 1282 1930 1357 nefas
1958 1334 1981 1368 ,
2020 1281 2120 1354 sibi
2153 1278 2274 1353 effe
2302 1280 2572 1375 Scipio-

624 1389 782 1446 nem
807 1376 926 1447 ubi
957 1378 1207 1473 captivi
1230 1379 1402 1451 illius
1433 1382 1657 1474 adhuc
1694 1382 1945 1479 alligati
1969 1397 2389 1455 tenerentur.
2440 1378 2575 1452 Hic

625 1472 717 1541 est
753 1473 1228 1558 Gracchorum
1254 1496 1444 1568 parer
1467 1524 1488 1554 ,
1532 1475 1651 1572 'qui
1682 1478 1755 1550 in
1784 1480 2168 1555 tribunatu,
2195 1497 2351 1548 cum
2382 1494 2571 1571 agra-

546 1599 550 1603 ·
623 1567 746 1638 riis
763 1568 1030 1661 legibus
1056 1568 1419 1644 seditiones
1447 1574 1848 1659 excitarent,
1863 1572 2194 1647 interfeffi
2220 1570 2397 1646 sunt.
2430 1573 2573 1645 De-

625 1662 843 1735 cimus
873 1667 1125 1740 Brutus
1156 1671 1476 1743 Calaecius
1505 1719 1527 1754 ,
1577 1673 1696 1767 qui
1716 1667 2111 1746 'Gracchum
2132 1692 2474 1768 'generum
2498 1691 2573 1742 a·-

624 1762 865 1857 gratiis⁴
878 1763 1141 1859 legibus
1186 1769 1381 1864 Reip.
1412 1770 1648 1854 statum
1694 1771 2079 1845 turbantem
2105 1790 2261 1840 cum
2282 1765 2572 1863 Opimio

625 1855 888 1929 consule
919 1863 1270 1955 oppreffit.
1374 1865 1483 1937 M.
1510 1869 1760 1941 Brutus
1778 1869 1817 1948 ·‚''
1853 1868 1979 1964 qui
2014 1864 2331 1961 Pompeii
2354 1882 2574 1962 partes

623 1950 882 2028 secutus
905 2005 930 2038 ‚
974 1980 1136 2040 mox
1166 1982 1208 2032 a
1233 1959 1484 2035 Caesare
1531 1963 1920 2049 restiturus,
1968 1962 2041 2034 in
2078 1976 2375 2034 mortem
2415 1961 2568 2054 ejus

622 2054 1041 2145 conjuravit,
1075 2060 1270 2149 quod
1303 2056 1611 2136 affeeca're
1637 2085 1888 2134 nomen
1920 2059 2183 2156 regium
2210 2058 2565 2132 videretur.

621 2151 880 2222 Lucius
903 2151 1179 2228 Drusus
1210 2205 1231 2238 ,
1290 2158 1412 2251 qui
1463 2158 1731 2256 agrariis
1773 2157 2039 2257 legibus
2085 2156 2567 2255 promulgatiS‚

620 2243 954 2319 summum
987 2272 1114 2347 pro
1146 2276 1234 2327 eo
1279 2250 1581 2328 favorem
1632 2254 2029 2330 consecutus
2058 2305 2081 2339 ,
2128 2276 2215 2326 ne
2256 2252 2571 2349 promissa

619 2344 1011 2452 perficeret,
1056 2372 1183 2444 per
1228 2351 1558 2450 infidiasa
1598 2355 1906 2451 Philippo
1954 2350 2155 2441 Confi
2202 2350 2401 2425 domi
2446 2348 2570 2424 suae

622 2445 1014 2517 mterfeecus
1040 2449 1153 2522 est.
1203 2451 1522 2525 Lutatius
1552 2452 1884 2533 Catulus,
1912 2453 2036 2549 qui
2063 2449 2395 2548 Lepidum
2418 2450 2563 2523 aaa

624 2539 802 2632 Syllae
830 2539 1191 2620 rescindere
1224 2552 1562 2620 volentem
1604 2555 1888 2622 admoto
1913 2549 2206 2622 exercitu
2231 2546 2429 2620 Italia
2456 2542 2567 2617 fu·

620 2637 805 2730 gavit
823 2638 852 2721 ¹,
899 2647 967 2710 δι
1001 2640 1181 2716 'solus
1227 2644 1537 2716 omnium
1566 2642 1697 2714 fine
1741 2644 2058 2741 sanguine
2097 2644 2348 2717 bellum
2375 2642 2567 2715 civile

561 2798 565 2805 .
623 2733 934 2817 confecit.
989 2739 1167 2814 Cato
1195 2741 1594 2823 Censorius,
1639 2742 1760 2837 qui
1785 2743 2042 2814 totiens
2067 2741 2410 2814 accusatus
2438 2737 2562 2822 est,

620 2836 850 2924 quoad
887 2838 1085 2913 vixit‚'
1134 2839 1488 2912 nocenteis
1531 2834 1833 2910 accusare
1878 2860 2019 2909 non
2066 2835 2334 2919 destitit.
2430 2837 2569 2910 Hic

621 2926 715 2996 est
750 2935 1053 3006 omnium
1080 2956 1305 3007 rerum
1338 2933 1759 3028 peritiffimus'
1786 2983 1808 3013 ,
1855 2942 1959 3013 δε,
2005 2954 2083 3006 ut
2108 2932 2351 3010 Sallust.
2412 2935 2566 3006 Cri-

622 3022 747 3118 spo
773 3027 1035 3101 videtur
1053 3078 1074 3109 ,
1101 3031 1396 3103 Romani
1425 3032 1697 3126 generis
1725 3030 2169 3102 disertiffimus
2183 3031 2385 3105 Cato.
2434 3031 2569 3106 Ca·

619 3132 705 3204 fo
741 3127 1127 3208 Praetotius,'
1163 3131 1285 3223 qui
1312 3178 1335 3212 ‚
1382 3129 1556 3202 bello
1577 3127 2010 3226 civiH'pattes
2036 3126 2348 3225 Pompeii
2378 3125 2568 3200 secu-

620 3245 731 3306 tus
759 3282 778 3311 ,
828 3229 1015 3306 mori,
1035 3228 1270 3299 maluit
1298 3249 1503 3325 quam
1551 3223 1864 3321 superstes
1895 3226 2021 3297 effe
2047 3226 2208 3320 reip.
2237 3224 2565 3298 servienti.

620 3334 905 3401 Scaurus
933 3377 955 3410 ‚
1003 3325 1117 3420 qui
1140 3326 1358 3396 vetuit
1382 3324 1594 3396 filiuni
1643 3325 1712 3394 in
1739 3319 2166 3420 conspectum
2215 3319 2410 3405 fuum
2440 3345 2565 3394 ve-

620 3424 762 3497 nire
784 3474 803 3506 ,
849 3425 1013 3522 quia
1042 3424 1541 3519 bello-Cyprico
1570 3420 1969 3494 deseruerat}
2025 3421 2254 3515 Scipio
2282 3421 2565 3504 Nasica,

621 3525 781 3615 quia
807 3547 949 3594 non
980 3522 1107 3601 rite
1123 3524 1575 3619 *inauguratus
1612 3518 1862 3600 Consul
1887 3518 2267 3600 videretur,
2320 3513 2566 3590 censu-

621 3620 759 3690 latu
789 3618 848 3689 se
876 3620 1247 3701 abdicavit,
1282 3627 1347 3690 &
1374 3617 1659 3692 domitis
1688 3617 2024 3689 Dalmatis
2053 3616 2356 3686 oblatum
2384 3636 2424 3687 a
2449 3618 2568 3686 Se-

620 3730 787 3792 natu
810 3714 1227 3810 triumphum
1244 3717 1641 3808 repudiavit,
1653 3713 2037 3808 statuasque,
2050 3732 2213 3802 quas
2234 3709 2357 3783 fibi
2383 3709 2567 3803 quii:-

620 3813 856 3915 quein
886 3813 1168 3911 publico
1193 3811 1519 3917 posuerat,
1546 3814 1614 3885 in
1645 3810 1908 3886 censura
1929 3808 2039 3884 sua
2063 3805 2328 3881 sustulit.
2372 3806 2562 3978 Clen-

839 3946 851 3956 .
1420 3958 1429 3966 .
1582 3934 1589 3949 ·
2454 3920 2564 3976 uit
