2813 4718
758 327 1689 409 Hx‘srlRo'MAnj
1871 388 1874 393 .
2169 320 2252 433 ‘5⁹³

245 437 417 519 bus,
448 431 624 532 quisf
638 440 884 504 eorum
912 445 1305 528 regnaturus
1335 428 1492 504 effer
1515 433 1746 504 Romae
1766 480 1786 511 ,
1817 430 2074 505 diuum
2092 416 2213 522 est,

238 550 412 606 tum
431 546 901 629 regnaturum,
920 529 1038 623 qui
1057 527 1352 625 primum
1379 546 1657 603 matrem
1682 527 2014 604 osculatus
2027 530 2207 608 effet.

244 629 494 733 Qod
515 623 896 725 responsum
923 644 1078 700 cum
1102 625 1221 721 ipfi
1240 625 1431 700 aliter
1449 627 2074 724 interpretarentur,
2090 632 2207 727 Ju-

248 735 424 801 nius
456 729 734 807 Brutus,
781 722 907 819 qui
933 746 1092 798 cum
1117 723 1199 797 iis
1231 721 1574 818 profefims
1598 742 1776 807 erat,
1825 729 2204 823 prolaplum

246 825 325 899 se
354 821 716 904 fimulavit,
741 827 809 892 &
838 838 1083 895 terram
1120 818 1451 900 osculatus
1476 818 1584 894 est.
1614 822 1820 918 idque
1845 821 2099 897 fastum
2128 840 2206 897 e-

245 924 382 1018 jus,
416 938 742 994 eventum
768 919 859 990 rei
884 916 1377 1014 comprobavit.
1426 921 1609 991 Nam
1630 943 1843 1015 quum
1861 922 2207 1019 impoten-

163 1052 166 1055 “
244 1030 358 1092 ter
390 1016 792 1187 feferendo
814 1016 1220 1115 Tarquinius
1253 1017 1597 1113 Superbus
1612 1039 1853 1090 omnes
1875 1020 1946 1090 in
1968 1019 2229 1094 odium⁴

249 1116 347 1189 sui
371 1112 463 1190 ad
496 1111 788 1214 ⁴uxiss‘et3
818 1114 909 1185 ad
935 1115 1270 1193 ultimum,
1298 1130 1583 1210 propter
1606 1133 2059 1211 expugnatam
2079 1139 2206 1191 no-

262 1210 488 1286 &utna
511 1213 580 1283 vi
603 1228 648 1285 a
675 1210 908 1285 Sextio
932 1259 954 1294 ,
1001 1211 1146 1284 filio
1170 1209 1316 1299 ejus
1341 1249 1363 1294 ,
1411 1211 1732 1286 Lucretiae
1756 1212 2160 1306 pudicitiam
2179 1204 2216 1296 ,'

250 1326 431 1409 quae,
448 1322 690 1384 vocato
719 1322 912 1403 patre
941 1310 1031 1383 ad
1051 1307 1112 1380 se
1143 1308 1571 1405 Tricipitino,
1590 1312 1654 1379 &
1671 1309 1816 1380 viro
1831 1311 2202 1396 Collatin0,

242 1404 625 1489 obtestata,
649 1424 737 1480 ne
754 1405 967 1485 inulta
1002 1426 1190 1480 mors
1217 1405 1360 1492 ejus
1387 1403 1577 1489 effer,
1605 1407 1826 1479 cultro
1859 1403 1920 1481 se
1953 1407 2202 1481 intere-

239 1505 373 1579 mit
389 1530 414 1587 3
436 1505 630 1615 Bruti
649 1522 856 1600 opera
873 1503 1166 1578 maxime
1183 1500 1492 1602 expulsus
1513 1502 1627 1586 est,
1640 1526 1853 1601 quum
1879 1506 2202 1602 regnaffet

238 1618 468 1679 annos
492 1600 1080 1698 vigintiquinque.
1125 1604 1319 1677 Tunc
1342 1599 1650 1695 consules
1667 1602 1961 1698 primum
1988 1598 2221 1681 creatif

238 1699 420 1787 sunt,
438 1702 518 1775 L.
532 1701 577 1800 J
583 1699 782 1774 unius
801 1702 1072 1778 Brutus,
1090 1707 1154 1772 &
1175 1697 1256 1772 L.
1277 1697 2105 1796 TarquiniusCollatinus.
2192 1696 2217 1712 ”

830 1828 1247 1938 Emeum
1296 1867 1624 1940 Luxu.

394 2006 631 2082 Rutus
652 2001 1081 2096 jurejurando
1158 2002 1444 2098 opulum
1468 1995 1807 2076 astrinxit,
1850 1997 2198 2071 neminem

395 2127 689 2205 regnare
724 2105 959 2175 Romae
993 2122 1073 2197 pa
1128 2121 1323 2170 urum
1347 2096 1899 2191 Tarquiniorum.
1973 2096 2197 2165 Colla-

255 2207 470 2280 tinum
505 2202 841 2298 collegam
879 2197 1072 2271 suum
1100 2245 1123 2278 ,
1170 2208 1447 2304 propter
1491 2190 1887 2264 affinitatem
1915 2185 2214 2288 Tarqui-q

254 2303 520 2377 niorum
558 2295 954 2396 suspeQum,
1002 2302 1233 2390 coegit
1259 2287 1604 2365 consulatu
1633 2286 1691 2363 se
1715 2287 2074 2373 abdicare,
2125 2292 2214 2372 &j

243 2401 522 2477 civitate
581 2398 837 2472 cedere.
885 2396 1071 2467 bona
1127 2414 1364 2489 regum
1394 2388 1614 2485 diripi
1656 2388 1881 2482 juffit:
1954 2404 2214 2484 agrum.

236 2498 449 2574 Marti
497 2492 954 2570 consecravit:
999 2489 1124 2588 qui
1167 2508 1446 2585 campus
1485 2487 1767 2560 Martius
1801 2485 2199 2558 nominatus

237 2597 355 2688 est.
401 2587 869 2667 adolescentes
890 2587 1196 2669 nobiles,
1242 2586 1313 2657 in
1349 2586 1604 2681 quibus
1633 2579 1783 2655 suos
1811 2605 1955 2678 quo
2008 2604 2094 2654 ue
2125 2587 2198 2653 δι

235 2691 498 2767 sororis
525 2682 701 2764 filios
728 2738 751 2771 ,
803 2686 969 2783 quia
995 2686 1513 2779 conjuraverant
1539 2679 1628 2752 de
1656 2605 2060 2776 recipiendis
2085 2700 2198 2749 re-

234 2790 492 2889 gibus,
545 2781 737 2862 securi
777 2784 1104 2881 percuffit.
1155 2781 1337 2854 servo
1370 2778 1631 2858 indici,
1688 2777 1797 2850 cui
1833 2773 2197 2848 Vindicius

235 2910 502 2961 nomen
532 2883 696 2965 fuit,
747 2884 1125 2957 libertatem
1158 2876 1387 2953 dedit:
1433 2901 1516 2950 ex
1546 2874 1737 2968 cujus
1765 2875 2037 2945 nomine
2053 2871 2225 2950 vin-f

234 2984 424 3059 diota
450 2980 545 3057 est
568 2978 914 3080 appellata.
962 2978 1204 3080 Qum
1234 2974 1546 3048 adversus
1578 2991 1764 3067 reges
1788 3016 1808 3047 ,
1835 2970 1993 3066 qui,
2027 2989 2199 3041 con-

239 3080 477 3156 traffis
495 3076 894 3155 Veientium
919 3082 987 3148 &
1017 3070 1597 3168 Tarquinienfium
1633 3063 1853 3160 copiis
1877 3110 1899 3144 ,
1945 3063 2197 3135 bellum

242 3179 648 3262 intulerant,
692 3174 1063 3264 exercitum
1093 3162 1419 3248 duxisset,
1461 3164 1532 3238 in
1559 3164 1703 3248 acie
1729 3184 1884 3244 cum
1910 3165 2199 3245 Arunte,

240 3275 390 3353 filio
428 3273 764 3373 Superbi,
814 3284 1292 3344 commortuus
1334 3262 1433 3337 est
1467 3292 1488 3336 ε
1534 3283 1828 3357 eumque
1874 3276 2201 3333 matronae

249 3395 512 3449 annum
556 3375 882 3445 luxerunt.
986 3368 1058 3440 P.
1087 3363 1383 3440 Valerius
1432 3358 1654 3437 consul
1680 3360 1897 3455 legem
1927 3356 2015 3429 de
2040 3379 2202 3453 pro·

244 3470 610 3562 vocatione
639 3470 727 3545 ad
849 3468 1088 3564 pulum
1118 3462 1291 3537 tulit.
1348 3458 1771 3557 Capitolium
1800 3453 2197 3529 dedicatum

244 3568 356 3646 e'st.
404 3559 698 3643 Porsena
793 3591 875 3640 ex
906 3559 1334 3640 Clusinorum
1360 3607 1384 3643 ,
1432 3560 1611 3631 bello
1645 3578 1774 3652 pro
1809 3550 2200 3648 Tarquiniis

242 3663 553 3765 suscepto
592 3712 616 3745 ,
639 3713 666 3750 ,
713 3685 923 3762 quum
951 3662 1043 3736 ad
1097 3658 1477 3755 Ianiculum
1510 3649 1782 3729 veniffet
1812 3702 1836 3736 ,
1861 3672 1969 3728 ,ne
1997 3649 2203 3724 Tibe-

242 3767 380 3844 rim
405 3761 738 3846 tranfiret,
769 3764 1016 3836 virtute
1035 3754 1325 3833 Coclitis
1352 3752 1625 3828 Horatii
1654 3745 2043 3848 prohibitus
2068 3743 2162 3820 est
2179 3771 2206 3822 ε,

245 3865 369 3974 qui
386 3912 423 3972 „³
467 3861 643 3967 dum
687 3859 798 3951 alii
823 3875 1111 3965 pontem
1153 3851 1503 4030 subligium
1538 3845 1927 3955 rescindunt
1957 3893 1983 3932 2
2012 3821 2211 4022 ¹{olus

1409 3974 1456 4054 ἃ.
2015 3954 2214 4044 <⁶523
