2813 4718
470 361 473 365 <
600 313 652 392 ί
1242 303 1301 389 E
1355 336 1400 386 Ρ
1458 338 1489 387 1
1544 335 1597 387 τ
1644 337 1695 387 o
1743 330 1799 386 Μ
1850 317 1896 390 'n'
2475 384 2480 387 .

578 336 842 488 -trssseos
858 460 881 496 ,
908 409 1216 485 Umbros
1232 460 1256 494 ,
1286 410 1573 495 Marsos,
1603 412 1958 509 Pelignus,
1987 416 2251 511 AEquos
2262 402 2534 494 &Sa'ffi

584 512 802 593 nites,
822 509 1078 607 quibus
1104 506 1325 582 foedus
1346 530 1490 583 erat
1520 509 1937 596 restitutum,
1976 513 2285 611 prospere
2310 517 2529 614 gestas

582 604 908 682 continet.
957 606 1215 679 Flavius
1239 610 1469 680 Scriba
1487 656 1507 689 ,
1544 608 1861 682 libertino
1891 629 2082 706 patre
2105 631 2347 698 natuS,
2372 613 2531 686 aedi-

580 705 665 781 lis
688 703 929 778 curulis
956 703 1084 775 fuit
1098 730 1118 786 3
1150 728 1268 800 per
1292 700 1622 776 forensem
1647 703 2009 779 fafflonem
2042 728 2307 784 creatus
2328 716 2347 782 ὲ
2374 734 2526 807 quae

580 826 798 898 quum
830 800 1107 876 comitia
1134 810 1200 873 &
1228 822 1546 898 campum
1572 802 1907 887 turbaret,
1935 812 1999 877 δι
2028 807 2099 879 in
2132 805 2222 881 iis
2243 827 2530 903 propter

579 898 823 972 nimias
843 900 1015 973 vires
1040 896 1532 980 dominaretur,
1560 922 1601 973 a
1619 899 1947 1001 QFabio
1975 902 2247 976 censore
2281 907 2351 977 in
2363 926 2534 1002 qua-

582 1015 739 1070 tuor
764 996 982 1070 tribus
1008 995 1274 1070 redaeca
1292 994 1406 1068 est.
1458 997 1692 1094 anue
1714 1019 1823 1071 res
1852 998 2254 1075 FabioMax.
2270 1016 2534 1076 nomen

583 1092 794 1168 dedit.
889 1092 971 1164 ln
1001 1093 1135 1165 hoc
1170 1092 1342 1166 libro
1375 1095 1642 1166 mentio
1685 1097 2047 1169 Alexandri
2080 1098 2312 1194 Magni
2338 1146 2362 1180 ,
2412 1100 2535 1196 qui

581 1189 1001 1287 temporibus
1028 1188 1135 1263 his
1160 1188 1310 1268 fuit,
1339 1198 1408 1262 δι
1434 1190 1770 1264 aestimatis
1792 1194 2027 1288 populi
2060 1188 2359 1270 Romani
2383 1197 2539 1293 viri-

547 1352 551 1356 ,
582 1289 714 1362 bus
736 1309 887 1382 quae
918 1304 1082 1357 tunc
1106 1304 1338 1370 erant,
1371 1287 1663 1384 colligit,
1685 1286 1734 1359 fi
1765 1288 2145 1364 Alexander
2168 1293 2237 1366 in
2270 1292 2530 1366 Italiam

583 1379 935 1478 trajecisset
957 1431 981 1465 ,
1026 1406 1170 1456 non
1199 1402 1343 1455 tam
1383 1379 1651 1457 facilem
1682 1385 1746 1457 ei
1781 1385 2127 1463 victoriam
2156 1389 2242 1464 de
2263 1391 2530 1486 populo

583 1480 916 1557 Romano
942 1477 1086 1552 fore
1107 1531 1128 1564 ,
1177 1503 1383 1580 quam
1409 1480 1497 1552 de
1530 1480 1618 1555 iis
1642 1483 1965 1581 gentibus
1982 1507 2152 1585 quas
2178 1487 2266 1563 ad
2290 1485 2536 1560 Orien-

586 1597 733 1654 tem
755 1576 1044 1675 imperio
1078 1578 1194 1652 suo
1219 1578 1630 1670 subjeceram*
2101 1608 2126 1617 ·
2231 1612 2236 1615 ·
2309 1614 2312 1617 ·
2369 1636 2372 1637 ν
2435 1608 2472 1616 ’·

1143 1722 1604 1795 Etr-roma
1650 1725 1854 1797 Lu.
1901 1727 1988 1801 X.

694 1888 733 1923 .
774 1839 1041 1915 Oloniae
1057 1836 1357 1912 deduetae
1380 1835 1535 1917 sunt
1558 1844 1725 1917 Sora
1749 1861 1829 1915 ac
1844 1844 2032 1917 Alba.
2053 1839 2344 1917 Carseoli
2361 1845 2544 1929 Mar-‚³
2586 1876 2590 1881 ·

777 1937 829 2009 fi
854 1938 927 2010 in
951 1935 1376 2010 deditionem
1425 1939 1708 2036 accepti.
1800 1937 2179 2037 Collegium
2201 1962 2547 2036 augurum

592 2036 991 2133 ampliatum
1021 2030 1151 2118 est,
1199 2054 1277 2105 ut
1307 2032 1516 2108 effent
1543 2059 1791 2108 novem
1808 2076 1831 2120 ,·
1862 2059 2021 2109 cum
2046 2055 2245 2111 antea
2274 2055 2553 2134 quater-

592 2136 667 2206 ni
693 2130 973 2206 fuiffent.
1023 2138 1158 2223 Lex
1181 2133 1270 2204 de
1301 2136 1802 2227 provocatione
1823 2133 1912 2207 ad
1934 2137 2265 2230 populum
2285 2183 2308 2218 ,
2332 2157 2374 2208 a
2403 2141 2547 2210 Va-.

591 2231 765 2303 letio
786 2227 1055 2302 consule
1086 2245 1251 2298 tunc
1275 2229 1550 2300 tertium
1577 2236 1709 2303 lata
1738 2230 1849 2304 est.
1922 2235 2095 2304 Dua:
2122 2230 2336 2304 tribus
2356 2230 2539 2322 adje-

595 2329 713 2401 &ae
741 2325 915 2405 sunt,
963 2322 1270 2398 Aniensis
1299 2330 1366 2395 &
1393 2325 1770 2400 Tarentina.
1840 2324 2258 2403 Samnitibus
2284 2328 2536 2408 bellum

595 2425 928 2499 indiaum
962 2449 988 2501 ,-
1034 2427 1100 2491 δι
1127 2417 1434 2494 adversus
1464 2444 1586 2495 eos
1611 2420 1775 2518 saepe
1803 2423 2109 2520 prospere
2139 2447 2535 2523 pugnatum,

596 2531 834 2613 Qum
865 2514 1170 2596 adversus
1207 2516 1566 2599 Etruscos,
1603 2520 1953 2605 Umbros,
1976 2522 2345 2605 Samnites,
2376 2528 2544 2600 Gala

595 2625 738 2703 los,
765 2620 839 2691 P.
861 2616 1092 2692 Decio
1111 2625 1174 2688 &
1202 2625 1300 2704 Q
1331 2615 1539 2688 Fabio
1567 2618 1859 2691 ducibus
1876 2666 1896 2700 ,
1924 2639 2363 2718 pugnaretur,
2395 2625 2544 2696 Ros.

600 2717 965 2814 manusque
993 2714 1328 2789 exercitus
1371 2715 1443 2787 in
1475 2715 1778 2794 maximo
1819 2712 1978 2790 esset
2006 2714 2423 2800 discrimine,
2473 2726 2548 2795 Pa

597 2817 864 2890 Decius
888 2862 910 2893 ,
955 2810 1214 2886 secutus
1257 2815 1649 2909 exemplum
1696 2814 1901 2909 patris
1929 2863 1952 2897 ,
2001 2814 2280 2890 devovit
2321 2814 2384 2886 se
2412 2839 2548 2912 pro

597 2914 939 2995 exercitu,
984 2919 1052 2985 &
1084 2931 1307 2983 morte
1334 2906 1444 2985 sua
1468 2909 1812 2985 vistoriam
1839 2911 1983 3000 ejus
2013 2937 2252 3010 pugnae
2280 2917 2549 3008 populo

594 3015 917 3087 Romano
943 3009 1151 3083 dedit.
1200 3007 1494 3102 Papirius
1525 3006 1810 3092 Cursor,
1857 3011 2261 3085 Samnitium
2290 3011 2552 3085 exerci-

599 3128 752 3183 tum
776 3157 800 3191 ,
847 3108 966 3203 qui
991 3106 1427 3198 jurejurando
1461 3105 1814 3188 obstrietus
1840 3153 1865 3188 ,
1914 3129 2061 3202 quo
2092 3107 2346 3199 majore
2386 3131 2553 3182 com

599 3205 840 3282 stantia
868 3203 1140 3275 virtutis
1167 3221 1532 3296 pugnaret,
1578 3205 1650 3275 in
1682 3204 1898 3276 aciem
1925 3205 2350 3280 descenderat
2367 3255 2389 3288 ,
2435 3201 2553 3278 fu·

600 3304 731 3376 dit.
798 3293 1053 3373 Census
1081 3299 1268 3371 assus
1296 3297 1409 3369 est.
1443 3297 1715 3374 lustrum
1764 3301 2143 3373 conditum.
2175 3301 2367 3376 censa
2396 3299 2552 3379 sunt

604 3396 855 3475 civium
882 3396 1108 3490 capita
1135 3391 1435 3480 ducenta
1458 3392 1792 3494 sexaginta
1819 3396 1963 3472 duo
1979 3399 2182 3475 millia
2206 3406 2556 3477 &trecenq

608 3515 685 3572 ta
704 3495 951 3594 viginti
971 3495 1140 3568 duo.
1695 3521 1698 3524 ·

1146 3635 1580 3705 Eprrom
1628 3635 1822 3709 Lu.
1873 3634 2012 3710 XI.

807 3757 1005 3827 Uum
1064 3752 1311 3825 Fabius
1369 3755 1647 3850 Gurges
1696 3752 1924 3828 consul
1966 3752 2144 3827 male
2200 3747 2551 3864 adversung
2668 3797 2673 3808 ·

814 3851 1150 3930 Samnites
1193 3852 1541 3952 pugnasset
1565 3898 1589 3934 ,
1621 3861 1698 3925 δι
1727 3848 1960 3928 senatu
2006 3850 2094 3927 de
2123 3849 2552 3928 removendo

2059 3981 2062 3984 ·
2446 3972 2546 4025 eo
