2813 4718
758 286 1543 364 nunno-»rsa
1590 291 1696 383 1⁴12v
2075 306 2175 397 ξι*

221 387 337 464 est.
424 379 813 459 Maraniffae
837 386 1523 483 regnumrestitutum
1551 388 1662 462 est.
1729 380 2071 474 ⁸Reverl’us
2097 400 2173 477 ia

222 486 479 558 urbem
515 482 750 576 Scipio
776 532 801 567 ,
870 485 1332 577 ampliffimum
1382 485 1987 587 nobiliffimumque
2029 498 2172 594 egit

224 580 659 676 triumphum
683 625 706 661 ‚
756 603 967 677 quem
998 579 1477 681 QTerentius
1501 582 1745 657 Culleo
1765 584 2029 663 senator
2063 595 2175 689 pi-

225 681 466 752 leatus
492 674 739 750 secutus
770 677 883 750 est.
948 678 1175 775 Scipio
1198 676 1553 754 Africanus
1585 680 1944 772 (incertum
1963 733 1986 766 ,
2008 679 2181 780 mili-{j

232 776 393 847 tati*
412 774 578 869 prius
603 770 867 855 favore,
916 795 1004 851 an
1027 776 1330 871 populari
1356 798 1516 851 aura
1543 826 1565 859 ‚
1610 778 1705 856 ita
1736 784 2179 877 cognomina-

233 876 392 967 tus)
438 872 682 966 primus
732 889 915 942 cette
945 870 1056 947 hic
1101 871 1471 971 imperator
1515 876 1697 949 viaae
1720 899 1762 952 a
1783 875 1847 948 se
1895 882 2174 955 nomine

223 968 460 1063 gentis
480 968 876 1043 nobilitatus
903 967 1016 1042 est.

692 1151 1103 1237 Emroun
1149 1160 1335 1236 Ltn.
1381 1166 1671 1241 XXXI.

223 1368 359 1538 B
382 1356 504 1431 Elli
516 1354 832 1431 adversus
848 1357 1234 1455 Philippum
1257 1359 1685 1435 Macedoniae
1702 1382 1950 1460 regem,
1966 1366 2168 1463 quod

379 1451 825 1545 intermiffum
857 1477 995 1529 erat
1022 1506 1045 1541 ,
1087 1457 1359 1550 'repetiti
1390 1508 1413 1541 ,
1460 1458 1687 1533 causs'ae
1711 1459 2016 1534 feruntur
2046 1466 2167 1538 hat.

218 1555 561 1648 Tempore
585 1551 936 1625 initiorum
973 1554 1117 1627 duo
1137 1553 1410 1641 juvenes
1432 1555 1837 1640 Acarnanes,
1866 1561 1986 1655 qui
2019 1584 2165 1632 non

220 1649 467 1725 initiati
492 1667 715 1730 erant,
752 1649 1060 1724 Athenas
1098 1671 1454 1737 venerunt,
1479 1660 1543 1724 &
1570 1656 1641 1727 in
1656 1654 2167 1728 sacrariumCe'-

225 1746 390 1819 reris
418 1768 579 1819 cum
609 1747 751 1820 aliis
775 1746 1216 1844 popularibus
1248 1749 1377 1822 suis
1404 1749 1837 1829 intraverunt.
1878 1751 2164 1837 obhoc,

225 1862 581 1938 tamquam
614 1840 797 1918 nefas
817 1842 1146 1917 summum
1177 1845 1668 1930 commifiss'ent,
1688 1848 1775 1920 ab
1796 1850 2166 1923 Athenien-

220 1940 406 2013 fibus
435 1939 577 2012 caefi
612 1938 778 2014 sunt.
871 1948 1252 2018 Acarnanes
1289 1946 1621 2017 mortibus
1660 1943 1926 2015 suorum
1962 1969 2168 2041 come·-¹

110 2079 115 2082 ·
227 2038 405 2110 moti
431 2084 455 2118 ,
503 2038 594 2112 ad
632 2038 1074 2112 vindicandos
1101 2041 1247 2113 illos
1290 2043 1611 2115 auxilium
1640 2064 1679 2113 a
1718 2042 2017 2135 Philippo
2048 2065 2167 2137 pe-

226 2135 493 2208 tierunt.
563 2134 800 2210 Paucis
824 2135 1158 2210 menfibus
1196 2138 1344 2231 post
1381 2160 1617 2233 pacem
1648 2137 2169 2232 Carthaginien·-
2204 2152 2210 2159 ’

232 2231 409 2304 fibus
438 2231 680 2304 datam
698 2280 723 2315 ,
777 2233 1311 2330 quingentefimo
1334 2230 1838 2331 quadragesimo
1868 2256 2052 2306 anno
2076 2233 2168 2308 ab

234 2330 391 2405 urbe
420 2330 738 2414 condita,
775 2352 933 2403 cum
961 2330 1503 2416 Athenienfium5
1533 2330 1653 2430 qui
1683 2328 2167 2407 obsidebantur

225 2427 616 2523 aPhilippo
645 2476 665 2509 ,
708 2429 973 2526 legati,
1018 2430 1335 2503 auxilium
1366 2427 1655 2504 asenatu
1700 2427 2045 2526 pettfl‘ent,
2094 2439 2168 2503 δε

222 2523 496 2599 senatus
526 2523 600 2595 id
625 2524 964 2598 'censuisset
996 2523 1378 2611 ferendum,
1405 2530 1637 2626 plebe,
1675 2529 1864 2624 quod
1893 2547 2004 2602 tot
2025 2527 2169 2603 bel-

224 2623 454 2694 lorum
478 2623 845 2697 continuus
871 2624 1063 2696 labor
1093 2626 1310 2721 gravis
1346 2644 1523 2709 erat,
1570 2624 2029 2702 diffentiente,
2057 2642 2169 2696 te-

220 2720 388 2792 nuit
424 2719 782 2794 auotoritas
808 2722 1120 2803 Parrum,
1167 2741 1245 2793 ut
1274 2722 1461 2795 sociae
1485 2721 1740 2795 civitati
1779 2720 1928 2792 ferri
1952 2742 2166 2816 opem

225 2819 538 2915 populus
561 2819 844 2911 juberet.
887 2821 1143 2914 Bellum
1165 2819 1236 2892 id
1264 2828 1326 2891 P.
1365 2819 1663 2914 Sulpicio
1692 2816 1946 2889 consuli
1978 2840 2168 2893 man-

227 2916 475 2987 datum
500 2915 624 2986 est:
670 2914 834 3012 qui,
878 2914 1173 2988 exercitu
1203 2917 1273 2987 in
1303 2914 1779 2990 Macedoniam
1805 2914 2052 2993 (lusto,
2096 2935 2169 2983 e-

231 3008 624 3107 questribus
669 3013 900 3108 praliis
927 3035 1084 3085 cum
1134 3013 1437 3107 Philippo
1487 3010 1788 3104 prospere
1822 3009 2169 3103 pugnavit.

224 3109 559 3205 Abydeni
587 3131 627 3184 a
649 3109 968 3204 Philippo
998 3102 1227 3177 obseffi
1260 3152 1281 3186 ,
1339 3106 1428 3177 ad
1449 3105 1823 3198 exemplum
1849 3105 2169 3201 Sagunti·

236 3225 483 3279 notum
500 3252 519 3284 .
545 3201 701 3277 suos
726 3201 918 3299 seque
943 3199 1358 3276 occiderunt.
1408 3200 1736 3276 L.Furius
1752 3223 1992 3297 praetor
2002 3203 2167 3277 Gal-

241 3302 342 3377 los
362 3299 668 3375 Insubres
697 3301 1119 3379 rebellantes,
1152 3307 1214 3372 &
1247 3299 1647 3374 Amilcarem
1674 3298 1959 3372 Poenum
1977 3348 1999 3381 ‚
2028 3302 2169 3373 bel-

232 3399 375 3472 lum
400 3400 472 3472 in
499 3421 579 3473 ea
672 3416 810 3473 arte
844 3399 1235 3473 molientem
1262 3445 1280 3478 ‚
1329 3399 1470 3472 acie
1501 3398 1680 3471 vicit.
1761 3396 2051 3469 Amilcar
2078 3413 2165 3470 eo

235 3491 423 3569 bello
442 3494 598 3569 occi
623 3519 704 3568 us
733 3493 826 3569 est
855 3544 879 3579 ,
943 3503 1010 3568 &
1040 3495 1239 3569 millia
1279 3496 1635 3568 hominum
1669 3494 1937 3591 triginta
1966 3492 2174 3589 quim

234 3615 394 3689 que.
446 3598 755 3667 Praetetea
779 3593 1244 3689 expeditiones
1276 3592 1569 3687 Philippi
1598 3593 1804 3686 regis,
1853 3602 1919 3661 ἃ
1947 3590 2172 3687 Sulpi-

232 3691 333 3764 cii
364 3687 684 3769 consulis,
709 3689 1376 3790 expugnationesque
1410 3688 1711 3765 urbium,
1753 3691 1846 3760 ab
1880 3708 2175 3782 utroque

227 3782 479 3867 ἕεᾶιε,
507 3789 841 3870 continet.
881 3791 1210 3891 Sulpicius
1239 3785 1996 3880 consul,‚adjuvantibus
2020 3810 2178 3885 rege

348 3874 524 3988 ,πως
571 3885 677 3985 14
1356 3885 1423 3987 9
1981 3889 2179 3982 Αῑῑῧῖ
