<?xml version="1.0" encoding="UTF-8"?>
<!DOCTYPE html PUBLIC "-//W3C//DTD XHTML 1.0 Transitional//EN"
    "http://www.w3.org/TR/xhtml1/DTD/xhtml1-transitional.dtd">
<html xmlns="http://www.w3.org/1999/xhtml" xml:lang="en" lang="en">
 <head>
  <title>
</title>
<meta http-equiv="Content-Type" content="text/html;charset=utf-8" />
  <meta name='ocr-system' content='tesseract 3.04.00' />
  <meta name='ocr-capabilities' content='ocr_page ocr_carea ocr_par ocr_line ocrx_word'/>
</head>
<body>
  <div class='ocr_page' id='page_1' title='image "./epitomeererumro00florgoog_0018.png"; bbox 0 0 2813 4718; ppageno 0'>
   <div class='ocr_carea' id='block_1_1' title="bbox 555 281 2530 1535">
    <p class='ocr_par' dir='ltr' id='par_1_1' title="bbox 561 281 1829 363">
     <span class='ocr_line' id='line_1_1' title="bbox 561 281 1829 363; baseline -0.008 0"><span class='ocrx_word' id='word_1_1' title='bbox 561 311 656 363; x_wconf 74' lang='lat' dir='ltr'>ro</span> <span class='ocrx_word' id='word_1_2' title='bbox 1223 284 1283 356; x_wconf 86' lang='lat' dir='ltr'><strong>E</strong></span> <span class='ocrx_word' id='word_1_3' title='bbox 1328 305 1369 354; x_wconf 72' lang='grc' dir='ltr'>ι’</span> <span class='ocrx_word' id='word_1_4' title='bbox 1416 303 1448 352; x_wconf 87' lang='lat'>1</span> <span class='ocrx_word' id='word_1_5' title='bbox 1494 299 1550 352; x_wconf 70' lang='grc' dir='ltr'><strong><em>τ</em></strong></span> <span class='ocrx_word' id='word_1_6' title='bbox 1584 303 1634 354; x_wconf 96' lang='lat' dir='ltr'>o</span> <span class='ocrx_word' id='word_1_7' title='bbox 1681 304 1739 353; x_wconf 78' lang='lat' dir='ltr'>M</span> <span class='ocrx_word' id='word_1_8' title='bbox 1785 281 1829 353; x_wconf 74' lang='lat' dir='ltr'><strong>i</strong></span> 
     </span>
    </p>

    <p class='ocr_par' dir='ltr' id='par_1_2' title="bbox 555 370 2530 1535">
     <span class='ocr_line' id='line_1_2' title="bbox 558 370 2505 475; baseline -0.001 -17"><span class='ocrx_word' id='word_1_9' title='bbox 558 384 1009 458; x_wconf 49' lang='lat' dir='ltr'>contulerat}</span> <span class='ocrx_word' id='word_1_10' title='bbox 1033 378 1321 472; x_wconf 81' lang='lat' dir='ltr'>majores</span> <span class='ocrx_word' id='word_1_11' title='bbox 1357 370 1523 452; x_wconf 76' lang='lat' dir='ltr'>nat&#39;u</span> <span class='ocrx_word' id='word_1_12' title='bbox 1552 400 1711 452; x_wconf 88' lang='lat' dir='ltr'>cum</span> <span class='ocrx_word' id='word_1_13' title='bbox 1741 375 2112 475; x_wconf 70' lang='lat' dir='ltr'>insignibus</span> <span class='ocrx_word' id='word_1_14' title='bbox 2139 374 2505 467; x_wconf 56' lang='lat' dir='ltr'>honorum}</span> 
     </span>
     <span class='ocr_line' id='line_1_3' title="bbox 560 473 2507 579; baseline -0.001 -24"><span class='ocrx_word' id='word_1_15' title='bbox 560 477 1039 579; x_wconf 75' lang='lat' dir='ltr'>quosquisque</span> <span class='ocrx_word' id='word_1_16' title='bbox 1083 476 1360 573; x_wconf 83' lang='lat' dir='ltr'>gesserat</span> <span class='ocrx_word' id='word_1_17' title='bbox 1383 527 1405 561; x_wconf 89' lang='lat'>,</span> <span class='ocrx_word' id='word_1_18' title='bbox 1456 476 1527 548; x_wconf 88' lang='lat' dir='ltr'>in</span> <span class='ocrx_word' id='word_1_19' title='bbox 1558 473 1895 575; x_wconf 88' lang='lat' dir='ltr'>vestibulis</span> <span class='ocrx_word' id='word_1_20' title='bbox 1937 476 2182 549; x_wconf 80' lang='lat' dir='ltr'>aedium</span> <span class='ocrx_word' id='word_1_21' title='bbox 2205 473 2507 554; x_wconf 83' lang='lat' dir='ltr'>sedentes</span> 
     </span>
     <span class='ocr_line' id='line_1_4' title="bbox 560 570 2508 673; baseline -0.001 -21"><span class='ocrx_word' id='word_1_22' title='bbox 560 579 985 653; x_wconf 83' lang='lat' dir='ltr'>occiderunt.</span> <span class='ocrx_word' id='word_1_23' title='bbox 1029 582 1097 648; x_wconf 86' lang='lat'>&amp;</span> <span class='ocrx_word' id='word_1_24' title='bbox 1145 598 1360 673; x_wconf 90' lang='lat' dir='ltr'>quum</span> <span class='ocrx_word' id='word_1_25' title='bbox 1393 596 1518 670; x_wconf 88' lang='lat' dir='ltr'>per</span> <span class='ocrx_word' id='word_1_26' title='bbox 1551 570 1839 646; x_wconf 86' lang='lat' dir='ltr'>aversam</span> <span class='ocrx_word' id='word_1_27' title='bbox 1876 593 2134 667; x_wconf 86' lang='lat' dir='ltr'>partem</span> <span class='ocrx_word' id='word_1_28' title='bbox 2177 577 2508 672; x_wconf 84' lang='lat' dir='ltr'>Capitolii</span> 
     </span>
     <span class='ocr_line' id='line_1_5' title="bbox 555 670 2509 769; baseline -0.002 -20"><span class='ocrx_word' id='word_1_29' title='bbox 555 676 698 767; x_wconf 73' lang='lat' dir='ltr'>iam</span> <span class='ocrx_word' id='word_1_30' title='bbox 723 676 795 745; x_wconf 93' lang='lat' dir='ltr'>in</span> <span class='ocrx_word' id='word_1_31' title='bbox 816 673 1151 748; x_wconf 84' lang='lat' dir='ltr'>summum</span> <span class='ocrx_word' id='word_1_32' title='bbox 1179 670 1535 754; x_wconf 81' lang='lat' dir='ltr'>evafiffent‚</span> <span class='ocrx_word' id='word_1_33' title='bbox 1568 670 1823 766; x_wconf 83' lang='lat' dir='ltr'>proditi</span> <span class='ocrx_word' id='word_1_34' title='bbox 1842 672 2157 769; x_wconf 87' lang='lat' dir='ltr'>clangore</span> <span class='ocrx_word' id='word_1_35' title='bbox 2175 675 2509 756; x_wconf 86' lang='lat' dir='ltr'>anserum,</span> 
     </span>
     <span class='ocr_line' id='line_1_6' title="bbox 558 766 2509 867; baseline -0.001 -21"><span class='ocrx_word' id='word_1_36' title='bbox 558 781 657 846; x_wconf 87' lang='lat' dir='ltr'>M.</span> <span class='ocrx_word' id='word_1_37' title='bbox 689 772 934 845; x_wconf 86' lang='lat' dir='ltr'>Manlii</span> <span class='ocrx_word' id='word_1_38' title='bbox 963 772 1288 866; x_wconf 83' lang='lat' dir='ltr'>praecipue</span> <span class='ocrx_word' id='word_1_39' title='bbox 1317 768 1786 867; x_wconf 73' lang='lat' dir='ltr'>operadejeffi</span> <span class='ocrx_word' id='word_1_40' title='bbox 1820 766 1989 842; x_wconf 89' lang='lat' dir='ltr'>sunt.</span> <span class='ocrx_word' id='word_1_41' title='bbox 2019 771 2274 844; x_wconf 69' lang='lat' dir='ltr'>coafitis</span> <span class='ocrx_word' id='word_1_42' title='bbox 2302 770 2509 847; x_wconf 86' lang='lat' dir='ltr'>dein·-</span> 
     </span>
     <span class='ocr_line' id='line_1_7' title="bbox 558 863 2509 967; baseline 0.001 -24"><span class='ocrx_word' id='word_1_43' title='bbox 558 868 652 943; x_wconf 91' lang='lat' dir='ltr'>de</span> <span class='ocrx_word' id='word_1_44' title='bbox 675 887 954 967; x_wconf 79' lang='lat' dir='ltr'>proptor</span> <span class='ocrx_word' id='word_1_45' title='bbox 971 865 1226 940; x_wconf 83' lang='lat' dir='ltr'>famem</span> <span class='ocrx_word' id='word_1_46' title='bbox 1244 865 1582 940; x_wconf 81' lang='lat' dir='ltr'>Romanis</span> <span class='ocrx_word' id='word_1_47' title='bbox 1593 863 2018 944; x_wconf 83' lang='lat' dir='ltr'>descendere,</span> <span class='ocrx_word' id='word_1_48' title='bbox 2035 885 2114 938; x_wconf 89' lang='lat' dir='ltr'>ut</span> <span class='ocrx_word' id='word_1_49' title='bbox 2143 869 2324 941; x_wconf 21' lang='lat' dir='ltr'>mille.</span> <span class='ocrx_word' id='word_1_50' title='bbox 2332 893 2509 965; x_wconf 89' lang='lat' dir='ltr'>pon-</span> 
     </span>
     <span class='ocr_line' id='line_1_8' title="bbox 561 962 2512 1060; baseline 0.002 -21"><span class='ocrx_word' id='word_1_51' title='bbox 561 966 662 1039; x_wconf 87' lang='lat' dir='ltr'>do</span> <span class='ocrx_word' id='word_1_52' title='bbox 689 967 834 1040; x_wconf 90' lang='lat' dir='ltr'>auri</span> <span class='ocrx_word' id='word_1_53' title='bbox 861 966 1132 1047; x_wconf 86' lang='lat' dir='ltr'>darent,</span> <span class='ocrx_word' id='word_1_54' title='bbox 1174 970 1238 1034; x_wconf 77' lang='grc' dir='ltr'>δι</span> <span class='ocrx_word' id='word_1_55' title='bbox 1271 964 1408 1036; x_wconf 87' lang='lat' dir='ltr'>hoc</span> <span class='ocrx_word' id='word_1_56' title='bbox 1438 962 1660 1060; x_wconf 87' lang='lat' dir='ltr'>pretio</span> <span class='ocrx_word' id='word_1_57' title='bbox 1686 963 1893 1036; x_wconf 83' lang='lat' dir='ltr'>finem</span> <span class='ocrx_word' id='word_1_58' title='bbox 1919 962 2294 1038; x_wconf 84' lang='lat' dir='ltr'>obsidionis</span> <span class='ocrx_word' id='word_1_59' title='bbox 2322 990 2512 1043; x_wconf 83' lang='lat' dir='ltr'>eme-</span> 
     </span>
     <span class='ocr_line' id='line_1_9' title="bbox 562 1059 2511 1149; baseline 0.002 -13"><span class='ocrx_word' id='word_1_60' title='bbox 562 1082 751 1146; x_wconf 76' lang='lat' dir='ltr'>rent3</span> <span class='ocrx_word' id='word_1_61' title='bbox 803 1065 1036 1136; x_wconf 84' lang='lat' dir='ltr'>Furius</span> <span class='ocrx_word' id='word_1_62' title='bbox 1065 1062 1387 1149; x_wconf 85' lang='lat' dir='ltr'>Camillus</span> <span class='ocrx_word' id='word_1_63' title='bbox 1418 1061 1713 1134; x_wconf 68' lang='grc' dir='ltr'>όίἃαεοτ</span> <span class='ocrx_word' id='word_1_64' title='bbox 1743 1059 1978 1134; x_wconf 85' lang='lat' dir='ltr'>absens</span> <span class='ocrx_word' id='word_1_65' title='bbox 2003 1079 2303 1147; x_wconf 89' lang='lat' dir='ltr'>creatus,</span> <span class='ocrx_word' id='word_1_66' title='bbox 2327 1066 2511 1140; x_wconf 86' lang='lat' dir='ltr'>inter</span> 
     </span>
     <span class='ocr_line' id='line_1_10' title="bbox 563 1157 2511 1259; baseline 0 -23"><span class='ocrx_word' id='word_1_67' title='bbox 563 1160 1007 1257; x_wconf 87' lang='lat' dir='ltr'>pendendum</span> <span class='ocrx_word' id='word_1_68' title='bbox 1026 1180 1263 1233; x_wconf 87' lang='lat' dir='ltr'>aurum</span> <span class='ocrx_word' id='word_1_69' title='bbox 1294 1161 1451 1231; x_wconf 82' lang='lat' dir='ltr'>cum</span> <span class='ocrx_word' id='word_1_70' title='bbox 1468 1157 1763 1234; x_wconf 82' lang='lat' dir='ltr'>exercitu</span> <span class='ocrx_word' id='word_1_71' title='bbox 1786 1159 1973 1230; x_wconf 87' lang='lat' dir='ltr'>venit</span> <span class='ocrx_word' id='word_1_72' title='bbox 1985 1162 2338 1240; x_wconf 67' lang='lat' dir='ltr'>;&amp;Gallos</span> <span class='ocrx_word' id='word_1_73' title='bbox 2358 1164 2511 1259; x_wconf 89' lang='lat' dir='ltr'>post</span> 
     </span>
     <span class='ocr_line' id='line_1_11' title="bbox 562 1252 2505 1359; baseline -0.001 -26"><span class='ocrx_word' id='word_1_74' title='bbox 562 1256 820 1333; x_wconf 82' lang='lat' dir='ltr'>sextum</span> <span class='ocrx_word' id='word_1_75' title='bbox 849 1253 1143 1331; x_wconf 83' lang='lat' dir='ltr'>mensem</span> <span class='ocrx_word' id='word_1_76' title='bbox 1169 1252 1331 1328; x_wconf 88' lang='lat' dir='ltr'>urbe</span> <span class='ocrx_word' id='word_1_77' title='bbox 1352 1255 1653 1359; x_wconf 79' lang='lat' dir='ltr'>expulit,</span> <span class='ocrx_word' id='word_1_78' title='bbox 1677 1256 2083 1353; x_wconf 87' lang='lat' dir='ltr'>ceciditque.</span> <span class='ocrx_word' id='word_1_79' title='bbox 2132 1257 2339 1332; x_wconf 84' lang='lat' dir='ltr'>AEdes</span> <span class='ocrx_word' id='word_1_80' title='bbox 2368 1260 2505 1332; x_wconf 83' lang='lat' dir='ltr'>Aio</span> 
     </span>
     <span class='ocr_line' id='line_1_12' title="bbox 561 1349 2530 1451; baseline 0.001 -22"><span class='ocrx_word' id='word_1_81' title='bbox 561 1354 918 1451; x_wconf 81' lang='lat' dir='ltr'>Loquutio</span> <span class='ocrx_word' id='word_1_82' title='bbox 947 1349 1123 1428; x_wconf 69' lang='lat' dir='ltr'>fa&amp;a</span> <span class='ocrx_word' id='word_1_83' title='bbox 1153 1399 1176 1434; x_wconf 90' lang='lat'>,</span> <span class='ocrx_word' id='word_1_84' title='bbox 1224 1374 1373 1447; x_wconf 90' lang='lat' dir='ltr'>quo</span> <span class='ocrx_word' id='word_1_85' title='bbox 1408 1355 1566 1424; x_wconf 91' lang='lat' dir='ltr'>loco</span> <span class='ocrx_word' id='word_1_86' title='bbox 1598 1371 1759 1426; x_wconf 86' lang='lat' dir='ltr'>ante</span> <span class='ocrx_word' id='word_1_87' title='bbox 1805 1354 2042 1429; x_wconf 91' lang='lat' dir='ltr'>urbem</span> <span class='ocrx_word' id='word_1_88' title='bbox 2074 1374 2337 1451; x_wconf 86' lang='lat' dir='ltr'>captam</span> <span class='ocrx_word' id='word_1_89' title='bbox 2366 1378 2530 1430; x_wconf 55' lang='lat' dir='ltr'>vox*</span> 
     </span>
     <span class='ocr_line' id='line_1_13' title="bbox 565 1449 2511 1535; baseline 0 -7"><span class='ocrx_word' id='word_1_90' title='bbox 565 1453 799 1528; x_wconf 86' lang='lat' dir='ltr'>audita</span> <span class='ocrx_word' id='word_1_91' title='bbox 824 1471 964 1526; x_wconf 83' lang='lat' dir='ltr'>erat</span> <span class='ocrx_word' id='word_1_92' title='bbox 983 1499 1005 1532; x_wconf 86' lang='lat'>,</span> <span class='ocrx_word' id='word_1_93' title='bbox 1053 1449 1406 1525; x_wconf 87' lang='lat' dir='ltr'>adventare</span> <span class='ocrx_word' id='word_1_94' title='bbox 1433 1450 1695 1524; x_wconf 86' lang='lat' dir='ltr'><strong>Gallos.</strong></span> <span class='ocrx_word' id='word_1_95' title='bbox 1740 1450 2016 1524; x_wconf 62' lang='lat' dir='ltr'>Diuum</span> <span class='ocrx_word' id='word_1_96' title='bbox 2039 1452 2130 1524; x_wconf 91' lang='lat' dir='ltr'>est</span> <span class='ocrx_word' id='word_1_97' title='bbox 2158 1451 2246 1527; x_wconf 89' lang='lat' dir='ltr'>ad</span> <span class='ocrx_word' id='word_1_98' title='bbox 2276 1454 2511 1535; x_wconf 84' lang='lat' dir='ltr'>Veios,</span> 
     </span>
    </p>
   </div>
   <div class='ocr_carea' id='block_1_2' title="bbox 374 1546 2509 1647">
    <p class='ocr_par' dir='ltr' id='par_1_3' title="bbox 374 1546 2509 1647">
     <span class='ocr_line' id='line_1_14' title="bbox 374 1546 2509 1647; baseline 0.008 -40"><span class='ocrx_word' id='word_1_99' title='bbox 374 1603 378 1607; x_wconf 84' lang='lat'><strong>.</strong></span> <span class='ocrx_word' id='word_1_100' title='bbox 416 1632 424 1638; x_wconf 24' lang='lat'><strong><em>‘</em></strong></span> <span class='ocrx_word' id='word_1_101' title='bbox 562 1548 1002 1647; x_wconf 77' lang='lat' dir='ltr'>migrandum</span> <span class='ocrx_word' id='word_1_102' title='bbox 1034 1546 1194 1629; x_wconf 83' lang='lat' dir='ltr'>effe,</span> <span class='ocrx_word' id='word_1_103' title='bbox 1244 1546 1923 1643; x_wconf 74' lang='lat' dir='ltr'>propter&#39;incensarn,</span> <span class='ocrx_word' id='word_1_104' title='bbox 1967 1556 2037 1622; x_wconf 83' lang='lat'>&amp;</span> <span class='ocrx_word' id='word_1_105' title='bbox 2066 1548 2359 1624; x_wconf 76' lang='lat' dir='ltr'>dirutam</span> <span class='ocrx_word' id='word_1_106' title='bbox 2383 1554 2509 1625; x_wconf 86' lang='lat' dir='ltr'>ur-</span> 
     </span>
    </p>
   </div>
   <div class='ocr_carea' id='block_1_3' title="bbox 562 1644 2515 2035">
    <p class='ocr_par' dir='ltr' id='par_1_4' title="bbox 562 1644 2515 2035">
     <span class='ocr_line' id='line_1_15' title="bbox 564 1644 2511 1747; baseline 0 -27"><span class='ocrx_word' id='word_1_107' title='bbox 564 1648 745 1723; x_wconf 85' lang='lat' dir='ltr'>bem.</span> <span class='ocrx_word' id='word_1_108' title='bbox 768 1648 962 1745; x_wconf 89' lang='lat' dir='ltr'>quod</span> <span class='ocrx_word' id='word_1_109' title='bbox 1001 1644 1351 1720; x_wconf 86' lang='lat' dir='ltr'>consilium</span> <span class='ocrx_word' id='word_1_110' title='bbox 1389 1645 1682 1747; x_wconf 80' lang='lat' dir='ltr'>Camillo</span> <span class='ocrx_word' id='word_1_111' title='bbox 1722 1647 1998 1721; x_wconf 57' lang='lat' dir='ltr'>auaorc</span> <span class='ocrx_word' id='word_1_112' title='bbox 2016 1645 2367 1721; x_wconf 81' lang='lat' dir='ltr'>discussum</span> <span class='ocrx_word' id='word_1_113' title='bbox 2392 1649 2511 1722; x_wconf 86' lang='lat' dir='ltr'>est.</span> 
     </span>
     <span class='ocr_line' id='line_1_16' title="bbox 564 1741 2515 1841; baseline 0.001 -24"><span class='ocrx_word' id='word_1_114' title='bbox 564 1744 791 1817; x_wconf 83' lang='lat' dir='ltr'>Movit</span> <span class='ocrx_word' id='word_1_115' title='bbox 823 1745 1154 1841; x_wconf 85' lang='lat' dir='ltr'>populum</span> <span class='ocrx_word' id='word_1_116' title='bbox 1201 1741 1388 1819; x_wconf 78' lang='lat' dir='ltr'>vocis</span> <span class='ocrx_word' id='word_1_117' title='bbox 1438 1750 1726 1837; x_wconf 87' lang='lat' dir='ltr'>quoque</span> <span class='ocrx_word' id='word_1_118' title='bbox 1750 1766 1955 1816; x_wconf 89' lang='lat' dir='ltr'>omen</span> <span class='ocrx_word' id='word_1_119' title='bbox 1996 1766 2081 1814; x_wconf 87' lang='lat' dir='ltr'>ex</span> <span class='ocrx_word' id='word_1_120' title='bbox 2111 1747 2515 1819; x_wconf 84' lang='lat' dir='ltr'>centurione</span> 
     </span>
     <span class='ocr_line' id='line_1_17' title="bbox 568 1837 2515 1938; baseline 0.002 -26"><span class='ocrx_word' id='word_1_121' title='bbox 568 1842 847 1921; x_wconf 80' lang='lat' dir='ltr'>auditae,</span> <span class='ocrx_word' id='word_1_122' title='bbox 892 1842 1048 1937; x_wconf 89' lang='lat' dir='ltr'>qui,</span> <span class='ocrx_word' id='word_1_123' title='bbox 1095 1863 1309 1934; x_wconf 85' lang='lat' dir='ltr'>quum</span> <span class='ocrx_word' id='word_1_124' title='bbox 1332 1840 1404 1912; x_wconf 91' lang='lat' dir='ltr'>in</span> <span class='ocrx_word' id='word_1_125' title='bbox 1430 1837 1658 1913; x_wconf 86' lang='lat' dir='ltr'>forum</span> <span class='ocrx_word' id='word_1_126' title='bbox 1684 1837 1959 1931; x_wconf 79' lang='lat' dir='ltr'>venisset</span> <span class='ocrx_word' id='word_1_127' title='bbox 1984 1888 2029 1921; x_wconf 88' lang='lat'>,.</span> <span class='ocrx_word' id='word_1_128' title='bbox 2052 1843 2515 1938; x_wconf 81' lang='lat' dir='ltr'>manipulariis</span> 
     </span>
     <span class='ocr_line' id='line_1_18' title="bbox 562 1935 2357 2035; baseline 0 -22"><span class='ocrx_word' id='word_1_129' title='bbox 562 1935 700 2021; x_wconf 79' lang='lat' dir='ltr'>suis</span> <span class='ocrx_word' id='word_1_130' title='bbox 726 1939 1021 2023; x_wconf 72' lang='lat' dir='ltr'>dixerat,</span> <span class='ocrx_word' id='word_1_131' title='bbox 1050 1943 1168 2019; x_wconf 83' lang='lat' dir='ltr'>Sta</span> <span class='ocrx_word' id='word_1_132' title='bbox 1200 1937 1432 2022; x_wconf 83' lang='lat' dir='ltr'>miles,</span> <span class='ocrx_word' id='word_1_133' title='bbox 1458 1937 1609 2012; x_wconf 88' lang='lat' dir='ltr'>heic</span> <span class='ocrx_word' id='word_1_134' title='bbox 1633 1938 1889 2035; x_wconf 88' lang='lat' dir='ltr'>optime</span> <span class='ocrx_word' id='word_1_135' title='bbox 1914 1937 2357 2014; x_wconf 89' lang='lat' dir='ltr'>manebimus.</span> 
     </span>
    </p>
   </div>
   <div class='ocr_carea' id='block_1_4' title="bbox 1137 2106 1941 2191">
    <p class='ocr_par' dir='ltr' id='par_1_5' title="bbox 1137 2106 1941 2191">
     <span class='ocr_line' id='line_1_19' title="bbox 1137 2106 1941 2191; baseline 0.001 -10"><span class='ocrx_word' id='word_1_136' title='bbox 1137 2106 1543 2181; x_wconf 76' lang='grc' dir='ltr'>ΕΡιτοΜε</span> <span class='ocrx_word' id='word_1_137' title='bbox 1590 2107 1765 2183; x_wconf 71' lang='lat' dir='ltr'>Lu.</span> <span class='ocrx_word' id='word_1_138' title='bbox 1812 2111 1941 2191; x_wconf 79' lang='lat' dir='ltr'>VI.</span> 
     </span>
    </p>
   </div>
   <div class='ocr_carea' id='block_1_5' title="bbox 558 2238 2606 4004">
    <p class='ocr_par' dir='ltr' id='par_1_6' title="bbox 558 2238 2606 4004">
     <span class='ocr_line' id='line_1_20' title="bbox 739 2238 2510 2341; baseline 0.002 -25"><span class='ocrx_word' id='word_1_139' title='bbox 739 2249 830 2319; x_wconf 86' lang='lat' dir='ltr'>Es</span> <span class='ocrx_word' id='word_1_140' title='bbox 863 2238 1178 2316; x_wconf 85' lang='lat' dir='ltr'>adversus</span> <span class='ocrx_word' id='word_1_141' title='bbox 1205 2246 1501 2341; x_wconf 84' lang='lat' dir='ltr'>AEquos,</span> <span class='ocrx_word' id='word_1_142' title='bbox 1529 2251 1593 2314; x_wconf 79' lang='grc' dir='ltr'>δι</span> <span class='ocrx_word' id='word_1_143' title='bbox 1617 2243 1896 2317; x_wconf 81' lang='lat' dir='ltr'>Volscos</span> <span class='ocrx_word' id='word_1_144' title='bbox 1916 2292 1938 2324; x_wconf 94' lang='lat'>,</span> <span class='ocrx_word' id='word_1_145' title='bbox 1962 2250 2028 2314; x_wconf 85' lang='lat'>&amp;</span> <span class='ocrx_word' id='word_1_146' title='bbox 2048 2244 2510 2332; x_wconf 83' lang='lat' dir='ltr'>Praenestinos,</span> 
     </span>
     <span class='ocr_line' id='line_1_21' title="bbox 567 2262 2515 2441; baseline 0.003 -29"><span class='ocrx_word' id='word_1_147' title='bbox 567 2262 728 2426; x_wconf 83' lang='lat' dir='ltr'>R</span> <span class='ocrx_word' id='word_1_148' title='bbox 749 2337 1058 2440; x_wconf 84' lang='lat' dir='ltr'>prospere</span> <span class='ocrx_word' id='word_1_149' title='bbox 1090 2336 1303 2437; x_wconf 84' lang='lat' dir='ltr'>gestas</span> <span class='ocrx_word' id='word_1_150' title='bbox 1326 2340 1660 2424; x_wconf 83' lang='lat' dir='ltr'>continet.</span> <span class='ocrx_word' id='word_1_151' title='bbox 1720 2341 2042 2441; x_wconf 82' lang='lat' dir='ltr'>Qatuor</span> <span class='ocrx_word' id='word_1_152' title='bbox 2067 2341 2283 2415; x_wconf 87' lang='lat' dir='ltr'>tribus</span> <span class='ocrx_word' id='word_1_153' title='bbox 2316 2343 2515 2417; x_wconf 89' lang='lat' dir='ltr'>addi-</span> 
     </span>
     <span class='ocr_line' id='line_1_22' title="bbox 567 2435 2511 2525; baseline 0.003 -12"><span class='ocrx_word' id='word_1_154' title='bbox 567 2459 690 2525; x_wconf 81' lang='lat' dir='ltr'>tae,</span> <span class='ocrx_word' id='word_1_155' title='bbox 739 2437 1113 2516; x_wconf 83' lang='lat' dir='ltr'>Stellatina,</span> <span class='ocrx_word' id='word_1_156' title='bbox 1161 2435 1511 2520; x_wconf 85' lang='lat' dir='ltr'>Sabatina,</span> <span class='ocrx_word' id='word_1_157' title='bbox 1558 2437 2041 2518; x_wconf 74' lang='lat' dir='ltr'>Tromentina,</span> <span class='ocrx_word' id='word_1_158' title='bbox 2098 2442 2511 2518; x_wconf 84' lang='lat' dir='ltr'>Narnienfis.</span> 
     </span>
     <span class='ocr_line' id='line_1_23' title="bbox 569 2531 2515 2629; baseline 0.001 -19"><span class='ocrx_word' id='word_1_159' title='bbox 569 2541 680 2611; x_wconf 83' lang='lat' dir='ltr'>M.</span> <span class='ocrx_word' id='word_1_160' title='bbox 721 2537 1004 2611; x_wconf 81' lang='lat' dir='ltr'>Manlius</span> <span class='ocrx_word' id='word_1_161' title='bbox 1048 2581 1070 2611; x_wconf 84' lang='lat'>,</span> <span class='ocrx_word' id='word_1_162' title='bbox 1126 2533 1244 2627; x_wconf 89' lang='lat' dir='ltr'>qui</span> <span class='ocrx_word' id='word_1_163' title='bbox 1285 2531 1768 2629; x_wconf 87' lang='lat' dir='ltr'>Capitoliuma</span> <span class='ocrx_word' id='word_1_164' title='bbox 1797 2535 2010 2608; x_wconf 88' lang='lat' dir='ltr'>Gallis</span> <span class='ocrx_word' id='word_1_165' title='bbox 2064 2532 2460 2613; x_wconf 89' lang='lat' dir='ltr'>defenderat</span> <span class='ocrx_word' id='word_1_166' title='bbox 2486 2588 2515 2624; x_wconf 86' lang='lat'>,</span> 
     </span>
     <span class='ocr_line' id='line_1_24' title="bbox 568 2630 2512 2732; baseline -0.001 -23"><span class='ocrx_word' id='word_1_167' title='bbox 568 2659 782 2732; x_wconf 88' lang='lat' dir='ltr'>quum</span> <span class='ocrx_word' id='word_1_168' title='bbox 809 2630 1164 2705; x_wconf 69' lang='lat' dir='ltr'>obstri&amp;os</span> <span class='ocrx_word' id='word_1_169' title='bbox 1188 2655 1310 2703; x_wconf 86' lang='lat' dir='ltr'>aere</span> <span class='ocrx_word' id='word_1_170' title='bbox 1336 2632 1556 2704; x_wconf 89' lang='lat' dir='ltr'>alieno</span> <span class='ocrx_word' id='word_1_171' title='bbox 1583 2634 1928 2719; x_wconf 80' lang='lat' dir='ltr'>liberaret.</span> <span class='ocrx_word' id='word_1_172' title='bbox 1977 2658 2190 2707; x_wconf 85' lang='lat' dir='ltr'>nexos</span> <span class='ocrx_word' id='word_1_173' title='bbox 2220 2634 2512 2709; x_wconf 81' lang='lat' dir='ltr'>exsolve-</span> 
     </span>
     <span class='ocr_line' id='line_1_25' title="bbox 569 2725 2512 2825; baseline 0.001 -20"><span class='ocrx_word' id='word_1_174' title='bbox 569 2751 677 2805; x_wconf 88' lang='lat' dir='ltr'>ret</span> <span class='ocrx_word' id='word_1_175' title='bbox 700 2781 724 2815; x_wconf 89' lang='lat'>,</span> <span class='ocrx_word' id='word_1_176' title='bbox 765 2730 1046 2803; x_wconf 87' lang='lat' dir='ltr'>crimine</span> <span class='ocrx_word' id='word_1_177' title='bbox 1067 2725 1355 2801; x_wconf 60' lang='lat' dir='ltr'>affeuati</span> <span class='ocrx_word' id='word_1_178' title='bbox 1384 2729 1573 2825; x_wconf 87' lang='lat' dir='ltr'>regni</span> <span class='ocrx_word' id='word_1_179' title='bbox 1602 2730 1959 2805; x_wconf 87' lang='lat' dir='ltr'>damnatus</span> <span class='ocrx_word' id='word_1_180' title='bbox 1975 2725 2003 2813; x_wconf 66' lang='grc' dir='ltr'>’ς</span> <span class='ocrx_word' id='word_1_181' title='bbox 2044 2733 2133 2806; x_wconf 85' lang='lat' dir='ltr'>de</span> <span class='ocrx_word' id='word_1_182' title='bbox 2158 2729 2309 2807; x_wconf 85' lang='lat' dir='ltr'>saxo</span> <span class='ocrx_word' id='word_1_183' title='bbox 2335 2737 2512 2807; x_wconf 89' lang='lat' dir='ltr'>Tar-</span> 
     </span>
     <span class='ocr_line' id='line_1_26' title="bbox 570 2826 2511 2926; baseline 0.001 -24"><span class='ocrx_word' id='word_1_184' title='bbox 570 2831 735 2926; x_wconf 86' lang='lat' dir='ltr'>peio</span> <span class='ocrx_word' id='word_1_185' title='bbox 760 2828 1060 2921; x_wconf 64' lang='lat' dir='ltr'>dejeaus</span> <span class='ocrx_word' id='word_1_186' title='bbox 1082 2826 1213 2899; x_wconf 85' lang='lat' dir='ltr'>est:</span> <span class='ocrx_word' id='word_1_187' title='bbox 1255 2826 1327 2897; x_wconf 89' lang='lat' dir='ltr'>in</span> <span class='ocrx_word' id='word_1_188' title='bbox 1352 2828 1552 2917; x_wconf 79' lang='lat' dir='ltr'>cujus</span> <span class='ocrx_word' id='word_1_189' title='bbox 1577 2849 1813 2900; x_wconf 89' lang='lat' dir='ltr'>notam</span> <span class='ocrx_word' id='word_1_190' title='bbox 1842 2828 2511 2920; x_wconf 82' lang='lat' dir='ltr'>Senatusconsultum</span> 
     </span>
     <span class='ocr_line' id='line_1_27' title="bbox 567 2922 2606 3022; baseline 0.003 -23"><span class='ocrx_word' id='word_1_191' title='bbox 567 2925 821 3001; x_wconf 66' lang='lat' dir='ltr'>fafitum</span> <span class='ocrx_word' id='word_1_192' title='bbox 847 2972 870 3005; x_wconf 84' lang='lat'>,</span> <span class='ocrx_word' id='word_1_193' title='bbox 914 2947 1004 2998; x_wconf 92' lang='lat' dir='ltr'>ne</span> <span class='ocrx_word' id='word_1_194' title='bbox 1042 2923 1154 2995; x_wconf 91' lang='lat' dir='ltr'>cui</span> <span class='ocrx_word' id='word_1_195' title='bbox 1183 2922 1275 2995; x_wconf 89' lang='lat' dir='ltr'>de</span> <span class='ocrx_word' id='word_1_196' title='bbox 1311 2925 1561 3000; x_wconf 85' lang='lat' dir='ltr'>Manlia</span> <span class='ocrx_word' id='word_1_197' title='bbox 1590 2944 1791 3021; x_wconf 85' lang='lat' dir='ltr'>gente</span> <span class='ocrx_word' id='word_1_198' title='bbox 1833 2924 2082 2999; x_wconf 87' lang='lat' dir='ltr'>Marco</span> <span class='ocrx_word' id='word_1_199' title='bbox 2118 2950 2509 3022; x_wconf 85' lang='lat' dir='ltr'>cognomen</span> <span class='ocrx_word' id='word_1_200' title='bbox 2601 3003 2606 3006; x_wconf 85' lang='grc'><strong>,</strong></span> 
     </span>
     <span class='ocr_line' id='line_1_28' title="bbox 568 3021 2509 3121; baseline 0.001 -24"><span class='ocrx_word' id='word_1_201' title='bbox 568 3021 746 3097; x_wconf 81' lang='lat' dir='ltr'>esset.</span> <span class='ocrx_word' id='word_1_202' title='bbox 802 3023 898 3094; x_wconf 89' lang='lat' dir='ltr'>C..</span> <span class='ocrx_word' id='word_1_203' title='bbox 921 3021 1223 3095; x_wconf 66' lang='lat' dir='ltr'>[tinius</span> <span class='ocrx_word' id='word_1_204' title='bbox 1247 3069 1268 3102; x_wconf 90' lang='lat'>,</span> <span class='ocrx_word' id='word_1_205' title='bbox 1319 3028 1386 3093; x_wconf 86' lang='lat'>&amp;</span> <span class='ocrx_word' id='word_1_206' title='bbox 1421 3025 1495 3094; x_wconf 86' lang='lat' dir='ltr'>L.</span> <span class='ocrx_word' id='word_1_207' title='bbox 1526 3023 1773 3096; x_wconf 81' lang='lat' dir='ltr'>Sestius</span> <span class='ocrx_word' id='word_1_208' title='bbox 1802 3024 2046 3095; x_wconf 89' lang='lat' dir='ltr'>tribun.</span> <span class='ocrx_word' id='word_1_209' title='bbox 2076 3024 2244 3116; x_wconf 88' lang='lat' dir='ltr'>pleb.</span> <span class='ocrx_word' id='word_1_210' title='bbox 2284 3029 2509 3121; x_wconf 86' lang='lat' dir='ltr'>legem</span> 
     </span>
     <span class='ocr_line' id='line_1_29' title="bbox 570 3118 2518 3218; baseline 0.001 -24"><span class='ocrx_word' id='word_1_211' title='bbox 570 3124 1087 3218; x_wconf 86' lang='lat' dir='ltr'>promulgarunt</span> <span class='ocrx_word' id='word_1_212' title='bbox 1115 3166 1139 3200; x_wconf 90' lang='lat'><strong>‚</strong></span> <span class='ocrx_word' id='word_1_213' title='bbox 1186 3136 1263 3189; x_wconf 90' lang='lat' dir='ltr'>ut</span> <span class='ocrx_word' id='word_1_214' title='bbox 1286 3118 1594 3193; x_wconf 89' lang='lat' dir='ltr'>consules</span> <span class='ocrx_word' id='word_1_215' title='bbox 1638 3122 1839 3193; x_wconf 84' lang='lat' dir='ltr'>etiam</span> <span class='ocrx_word' id='word_1_216' title='bbox 1872 3144 1955 3193; x_wconf 87' lang='lat' dir='ltr'>ex</span> <span class='ocrx_word' id='word_1_217' title='bbox 1997 3124 2192 3215; x_wconf 88' lang='lat' dir='ltr'>plebe</span> <span class='ocrx_word' id='word_1_218' title='bbox 2232 3120 2518 3204; x_wconf 85' lang='lat' dir='ltr'>fierent,</span> 
     </span>
     <span class='ocr_line' id='line_1_30' title="bbox 570 3213 2514 3313; baseline 0.002 -24"><span class='ocrx_word' id='word_1_219' title='bbox 570 3217 693 3313; x_wconf 81' lang='lat' dir='ltr'>&#39;qui</span> <span class='ocrx_word' id='word_1_220' title='bbox 718 3239 800 3288; x_wconf 85' lang='lat' dir='ltr'>ex</span> <span class='ocrx_word' id='word_1_221' title='bbox 840 3214 1141 3286; x_wconf 88' lang='lat' dir='ltr'>Patribus</span> <span class='ocrx_word' id='word_1_222' title='bbox 1168 3213 1585 3289; x_wconf 80' lang='lat' dir='ltr'>creabantur.</span> <span class='ocrx_word' id='word_1_223' title='bbox 1633 3240 1915 3313; x_wconf 90' lang='lat' dir='ltr'>eamque</span> <span class='ocrx_word' id='word_1_224' title='bbox 1943 3220 2156 3313; x_wconf 87' lang='lat' dir='ltr'>legem</span> <span class='ocrx_word' id='word_1_225' title='bbox 2185 3242 2342 3290; x_wconf 88' lang='lat' dir='ltr'>cum</span> <span class='ocrx_word' id='word_1_226' title='bbox 2368 3241 2514 3294; x_wconf 78' lang='lat' dir='ltr'>ma-</span> 
     </span>
     <span class='ocr_line' id='line_1_31' title="bbox 566 3311 2509 3413; baseline 0.001 -25"><span class='ocrx_word' id='word_1_227' title='bbox 566 3338 708 3412; x_wconf 88' lang='lat' dir='ltr'>gna</span> <span class='ocrx_word' id='word_1_228' title='bbox 750 3311 1192 3386; x_wconf 85' lang='lat' dir='ltr'>contentione</span> <span class='ocrx_word' id='word_1_229' title='bbox 1226 3356 1246 3386; x_wconf 67' lang='lat'><em>2</em></span> <span class='ocrx_word' id='word_1_230' title='bbox 1312 3315 1845 3408; x_wconf 86' lang='lat' dir='ltr'>repugnantibus</span> <span class='ocrx_word' id='word_1_231' title='bbox 1891 3315 2194 3386; x_wconf 82' lang='lat' dir='ltr'>Patribus</span> <span class='ocrx_word' id='word_1_232' title='bbox 2227 3364 2248 3396; x_wconf 83' lang='lat'>‚</span> <span class='ocrx_word' id='word_1_233' title='bbox 2294 3340 2509 3413; x_wconf 80' lang='lat' dir='ltr'>quum</span> 
     </span>
     <span class='ocr_line' id='line_1_32' title="bbox 568 3407 2510 3511; baseline 0.002 -27"><span class='ocrx_word' id='word_1_234' title='bbox 568 3413 792 3484; x_wconf 85' lang='lat' dir='ltr'>eidem</span> <span class='ocrx_word' id='word_1_235' title='bbox 838 3407 1096 3482; x_wconf 85' lang='lat' dir='ltr'>tribuni</span> <span class='ocrx_word' id='word_1_236' title='bbox 1140 3407 1356 3503; x_wconf 89' lang='lat' dir='ltr'>plebis</span> <span class='ocrx_word' id='word_1_237' title='bbox 1393 3432 1513 3505; x_wconf 88' lang='lat' dir='ltr'>per</span> <span class='ocrx_word' id='word_1_238' title='bbox 1558 3412 2098 3507; x_wconf 88' lang='lat' dir='ltr'>quinquennium</span> <span class='ocrx_word' id='word_1_239' title='bbox 2133 3410 2247 3485; x_wconf 85' lang='lat' dir='ltr'>soli</span> <span class='ocrx_word' id='word_1_240' title='bbox 2290 3418 2510 3511; x_wconf 85' lang='lat' dir='ltr'>tnagi-</span> 
     </span>
     <span class='ocr_line' id='line_1_33' title="bbox 567 3503 2522 3609; baseline 0.004 -29"><span class='ocrx_word' id='word_1_241' title='bbox 567 3506 803 3581; x_wconf 85' lang='lat' dir='ltr'>stratus</span> <span class='ocrx_word' id='word_1_242' title='bbox 851 3503 1155 3587; x_wconf 68' lang='lat' dir='ltr'>fiaifl&#39;en-t,</span> <span class='ocrx_word' id='word_1_243' title='bbox 1217 3508 1634 3601; x_wconf 83' lang='lat' dir='ltr'>pertulerunt</span> <span class='ocrx_word' id='word_1_244' title='bbox 1663 3557 1685 3589; x_wconf 91' lang='lat'>,</span> <span class='ocrx_word' id='word_1_245' title='bbox 1744 3518 1812 3579; x_wconf 87' lang='lat'>&amp;</span> <span class='ocrx_word' id='word_1_246' title='bbox 1858 3512 2117 3605; x_wconf 87' lang='lat' dir='ltr'>primus</span> <span class='ocrx_word' id='word_1_247' title='bbox 2177 3533 2258 3583; x_wconf 79' lang='lat' dir='ltr'>ex</span> <span class='ocrx_word' id='word_1_248' title='bbox 2308 3517 2522 3609; x_wconf 83' lang='lat' dir='ltr'>plebe</span> 
     </span>
     <span class='ocr_line' id='line_1_34' title="bbox 565 3601 2512 3695; baseline 0.002 -17"><span class='ocrx_word' id='word_1_249' title='bbox 565 3607 800 3679; x_wconf 85' lang='lat' dir='ltr'>consul</span> <span class='ocrx_word' id='word_1_250' title='bbox 846 3609 922 3675; x_wconf 90' lang='lat' dir='ltr'>L.</span> <span class='ocrx_word' id='word_1_251' title='bbox 948 3601 1194 3677; x_wconf 84' lang='lat' dir='ltr'>Sestius</span> <span class='ocrx_word' id='word_1_252' title='bbox 1237 3622 1506 3676; x_wconf 90' lang='lat' dir='ltr'>creatus</span> <span class='ocrx_word' id='word_1_253' title='bbox 1551 3606 1663 3677; x_wconf 89' lang='lat' dir='ltr'>est.</span> <span class='ocrx_word' id='word_1_254' title='bbox 1756 3605 1928 3680; x_wconf 86' lang='lat' dir='ltr'>Lata</span> <span class='ocrx_word' id='word_1_255' title='bbox 1975 3606 2068 3679; x_wconf 86' lang='lat' dir='ltr'>est</span> <span class='ocrx_word' id='word_1_256' title='bbox 2112 3611 2315 3683; x_wconf 87' lang='lat' dir='ltr'>altera</span> <span class='ocrx_word' id='word_1_257' title='bbox 2357 3613 2467 3683; x_wconf 86' lang='lat' dir='ltr'>lex</span> <span class='ocrx_word' id='word_1_258' title='bbox 2486 3661 2512 3695; x_wconf 87' lang='lat'>‚</span> 
     </span>
     <span class='ocr_line' id='line_1_35' title="bbox 567 3700 2512 3808; baseline 0.002 -33"><span class='ocrx_word' id='word_1_259' title='bbox 567 3726 658 3775; x_wconf 84' lang='lat' dir='ltr'>ne</span> <span class='ocrx_word' id='word_1_260' title='bbox 704 3702 829 3788; x_wconf 6' lang='lat' dir='ltr'>cui*</span> <span class='ocrx_word' id='word_1_261' title='bbox 853 3706 1011 3800; x_wconf 91' lang='lat' dir='ltr'>plus</span> <span class='ocrx_word' id='word_1_262' title='bbox 1057 3700 1453 3797; x_wconf 86' lang='lat' dir='ltr'>quingentis</span> <span class='ocrx_word' id='word_1_263' title='bbox 1496 3700 1837 3808; x_wconf 85' lang='lat' dir='ltr'>jugeribus</span> <span class='ocrx_word' id='word_1_264' title='bbox 1880 3708 2023 3803; x_wconf 85' lang='lat' dir='ltr'>agri</span> <span class='ocrx_word' id='word_1_265' title='bbox 2071 3704 2305 3797; x_wconf 82' lang='lat' dir='ltr'>liceret</span> <span class='ocrx_word' id='word_1_266' title='bbox 2348 3705 2512 3807; x_wconf 56' lang='lat' dir='ltr'>pos,-</span> 
     </span>
     <span class='ocr_line' id='line_1_36' title="bbox 558 3799 2364 3900; baseline 0.003 -25"><span class='ocrx_word' id='word_1_267' title='bbox 558 3799 790 3900; x_wconf 65' lang='lat' dir='ltr'>sidere.</span> <span class='ocrx_word' id='word_1_268' title='bbox 1092 3809 1095 3814; x_wconf 56' lang='lat'><strong>⁴</strong></span> <span class='ocrx_word' id='word_1_269' title='bbox 1240 3802 1249 3816; x_wconf 62' lang='lat'><em>⁴</em></span> <span class='ocrx_word' id='word_1_270' title='bbox 1451 3855 1458 3862; x_wconf 87' lang='lat'>-</span> <span class='ocrx_word' id='word_1_271' title='bbox 1578 3818 1584 3824; x_wconf 77' lang='grc'><em>“</em></span> <span class='ocrx_word' id='word_1_272' title='bbox 1933 3851 1936 3858; x_wconf 67' lang='lat'>,</span> <span class='ocrx_word' id='word_1_273' title='bbox 2073 3825 2080 3834; x_wconf 87' lang='lat'><strong>·</strong></span> <span class='ocrx_word' id='word_1_274' title='bbox 2161 3821 2164 3826; x_wconf 85' lang='grc'><strong><em>·</em></strong></span> <span class='ocrx_word' id='word_1_275' title='bbox 2355 3815 2364 3824; x_wconf 86' lang='grc'><strong><em>’</em></strong></span> 
     </span>
     <span class='ocr_line' id='line_1_37' title="bbox 588 3904 2510 4004; baseline -0.005 -13"><span class='ocrx_word' id='word_1_276' title='bbox 588 3957 603 3984; x_wconf 88' lang='lat'>·.</span> <span class='ocrx_word' id='word_1_277' title='bbox 666 3974 671 3978; x_wconf 79' lang='lat'>.</span> <span class='ocrx_word' id='word_1_278' title='bbox 2295 3904 2510 4004; x_wconf 66' lang='lat' dir='ltr'>Em:</span> 
     </span>
    </p>
   </div>
  </div>
 </body>
</html>
