2813 4718
698 293 798 385 236
1128 281 1528 361 Luci-i
1623 279 2238 362 Anpfirrgr‘

691 382 1035 483 AEthiopia
1067 429 1091 466 ‚
1136 383 1335 460 rebus
1377 378 1763 480 perfmffls,
1812 401 1973 452 cum
2003 379 2078 452 in
2123 381 2485 476 AEgyptum
2513 387 2628 457 voa

690 482 887 557 niffet
913 531 937 567 ‚
983 481 1376 577 incolasque
1402 480 1544 568 ejus
1566 478 1701 551 loci
1729 480 2024 556 laetantes
2058 474 2480 552 advertiffet=
2522 485 2632 552 ra'-

689 599 807 656 tus
830 628 855 662 ‚
899 581 1050 657 illos
1105 574 1388 654 adversis
1435 574 1567 650 suis
1613 571 1912 648 insultare
1937 620 1960 653 ‚
2019 573 2204 669 Apin
2258 574 2328 645 in
2373 570 2628 648 femine

689 678 1054 751 vulneravit
1078 724 1101 758 ,
1146 673 1536 769 eodemque
1580 671 1720 750 iau
1762 670 2038 751 occidit.
2131 672 2412 744 Interim
2458 670 2630 746 Ma-

688 796 820 870 gus
840 772 1119 871 quidam
1146 770 1457 843 Smerdes
1471 818 1494 853 ,
1543 768 1881 846 Patibiatae
1913 764 2117 842 frater
2131 815 2158 851 ‚
2186 767 2479 844 abutens
2507 791 2630 841 no-

687 870 872 943 mine
893 892 978 943 ex
1020 866 1250 942 formae
1278 864 1708 940 fimilitudine
1730 913 1761 949 0
1805 864 2024 937 filium
2050 862 2110 936 se
2155 866 2218 937 C
2266 866 2322 937 ri
2365 862 2633 960 profes-5

665 962 792 1039 ,sus
813 1013 840 1049 ‚
882 986 1172 1063 regnum
1204 963 1542 1045 Perficum
1586 961 1923 1038 invastrat.
2019 960 2146 1063 Q
2273 961 2392 1035 ubi
2414 962 2633 1037 Cam-

683 1062 828 1157 byfi
863 1063 1266 1138 nuntiatum
1299 1060 1394 1136 est
1417 1109 1441 1147 ,
1486 1060 1752 1159 regredi
1793 1059 1866 1132 in
1898 1063 2185 1157 patriam
2227 1078 2582 1134 maturans
2609 1106 2632 1140 ‚
2762 1070 2763 1076 ‘

683 1158 943 1250 oblitus
968 1158 1061 1235 est
1105 1159 1408 1261 gladium
1437 1206 1461 1243 ,
1505 1182 1652 1256 quo
1694 1158 1875 1255 Apin
1917 1154 2347 1233 interfecerat
2375 1204 2398 1239 ‚
2445 1157 2629 1252 vagi·

682 1261 789 1327 nae
817 1257 1114 1330 reddere.
1210 1256 1430 1349 Qod
1455 1278 1615 1330 cum
1639 1271 1991 1329 conaretur
2020 1253 2283 1329 efficere
2306 1302 2331 1337 ‚
2361 1250 2626 1328 -femen

680 1348 870 1424 suum
893 1351 1257 1427 vulneravit
1281 1400 1304 1435 ‚
1353 1360 1424 1423 &
1457 1375 1608 1424 eam
1655 1370 1916 1448 partem
1949 1399 1972 1434 ,
2017 1376 2150 1450 qua
2177 1350 2361 1446 Apin
2401 1352 2624 1424 vulne-

679 1466 965 1523 raverat.
1052 1450 1161 1524 Ex
1205 1448 1454 1522 eodem
1478 1450 1747 1522 vulnere
1771 1448 1843 1522 in
1887 1449 2124 1543 paucis
2156 1448 2401 1531 diebus
2434 1446 2620 1519 obiit.

680 1540 801 1615 De
846 1541 984 1633 cuit
1802 1544 2297 1618 :rtior‘nuntius
2333 1544 2428 1615 ad
2475 1542 2624 1617 Per-

681 1636 783 1714 sas
804 1640 984 1712 venit
1802 1642 1988 1716 filiam
2024 1641 2202 1717 suam
2229 1688 2256 1724 ‚
2302 1661 2442 1737 qua
2472 1663 2620 1714 cum

670 1737 984 1819 ,Smerdes
1802 1757 1887 1813 »at
1903 1788 1926 1823 ,
1952 1739 2274 1818 edocuit,
2301 1755 2385 1809 ut
2409 1786 2434 1822 ‚
2467 1761 2617 1814 cum

679 1833 794 1913 ille
819 1833 1071 1932 sopitus
1102 1862 1260 1914 euet
1283 1886 1326 1924 ,.
1356 1862 1588 1911 utrum
1617 1861 1814 1911 aures
1834 1838 2047 1909 teRas
2069 1834 2288 1911 comis
2321 1834 2616 1920 haberet,

677 1930 1197 2029 periclitaretur.
1288 1934 1555 2009 Sciebat
1581 1932 1762 2007 enim
1781 1980 1805 2015 ‚
1850 1930 2107 2026 aCyro
2133 1930 2391 2005 Smerdi
2411 1938 2615 2028 Mago

676 2029 982 2103 ademtas
1006 2052 1222 2106 aures.
1315 2035 1430 2104 Ille
1472 2028 1699 2105 falsum
1727 2028 1855 2107 esse
1897 2028 2216 2102 Smerden
2262 2030 2618 2106 confirma-

678 2125 800 2199 vit.
889 2130 951 2198 T
952 2148 1088 2201 unc
1110 2126 1362 2228 septem
1389 2125 1767 2203 nobiliffimi
1793 2124 1988 2200 Persa:
2011 2123 2188 2199 inter
2214 2120 2277 2199 se
2303 2127 2617 2216 conjura-

676 2240 942 2298 verunt.
1037 2224 1306 2301 Eorum
1332 2224 1612 2318 nomina
1661 2224 1800 2297 haec
1827 2222 1978 2299 sunt
2004 2271 2031 2307 ‚
2075 2224 2371 2296 Potanes
2393 2272 2420 2308 ‚
2471 2230 2616 2324 Hy-

674 2316 892 2396 daues
915 2368 938 2401 ‚
1001 2316 1359 2418 Aspatines
1386 2368 1412 2402 ‚
1470 2322 1848 2416 Saphernes
1871 2368 1895 2404 ‚
1956 2319 2360 2418 Megaboius
2382 2370 2405 2405 ,
2469 2326 2616 2398 Go-

671 2412 821 2488 bies
844 2464 869 2498 ,
919 2417 1195 2495 Darius.
1248 2479 1252 2482 ⁴
1289 2417 1564 2492 Deinde
1588 2464 1613 2502 ,
1657 2423 1869 2514 Mago
1914 2421 2182 2495 Smerde
2221 2417 2617 2501 ἰηεεείεᾶο.
2701 2467 2704 2470 ·

668 2507 1167 2593 constituerunt
1188 2532 1222 2592 ·‚
1280 2515 1383 2586 uti
1411 2563 1437 2594 ,
1497 2533 1788 2610 excepto
1844 2513 2134 2612 posthac
2170 2521 2428 2593 Potane
2449 2567 2472 2600 2
2535 2543 2617 2600 ex

672 2606 804 2680 illis
848 2616 1154 2701 regnaret
1196 2605 1391 2694 cujus
1436 2627 1663 2702 equus*
1696 2612 1959 2700 primus
2017 2611 2089 2688 in
2135 2615 2294 2688 loco
2318 2661 2341 2695 ,
2401 2641 2616 2713 quem

671 2701 1070 2800 delegissent
1096 2751 1119 2785 ,
1165 2697 1494 2776 hinnisset.
1587 2705 1780 2779 Tunc
1827 2703 2112 2778 Hiberes
2139 2757 2162 2790 ,
2226 2711 2412 2807 agaso
2455 2719 2616 2790 Da-

670 2801 755 2877 rii
784 2847 805 2883 ,
852 2824 1111 2898 equum
1157 2797 1538 2884 domiuiad
1583 2799 1818 2877 locum
1843 2799 2233 2896 praedifitum
2279 2809 2492 2887 duxit.
2532 2813 2613 2885 il·

668 2898 761 2971 lic
806 2899 930 2972 alia
960 2919 1136 2995 equa
1172 2889 1272 2970 ‘ab
1308 2892 1426 2968 suo
1476 2895 1700 2970 initur.
1788 2899 1987 2969 Tunc
2009 2922 2226 2997 equus
2248 2907 2446 2982 Darii
2471 2930 2613 2988 ma·

559 3033 566 3041 s
668 3014 887 3094 gnum
931 2994 1269 3069 hinnitum
1328 2991 1545 3069 dedit.
1637 2994 1744 3066 lta
1787 2994 2038 3070 Darius
2093 3020 2375 3098 regnum
2422 3006 2612 3081 obti-

529 3155 533 3161 .
672 3093 847 3166 nuit.
908 3097 972 3164 A
998 3116 1143 3189 quo
1173 3092 1552 3172 Artabanes
1585 3089 1691 3165 ori
1741 3091 1920 3177 inem
1946 3092 2175 3182 ducit3
2206 3121 2421 3194 quem
2446 3125 2613 3178 con-

670 3188 968 3264 ditorem
1000 3188 1190 3286 regni
1234 3187 1663 3296 Mithridatis
1691 3115 1897 3296 {uisse
1919 3236 1946 3277 2
1987 3191 2348 3300 confirmat
2393 3198 2613 3282 Sallu-

553 3396 561 3403 ,
641 3285 839 3391 fiius
870 3285 1179 3397 cerpus,
1333 3382 1345 3388 -
1684 3333 1685 3339 ψ
2201 3306 2611 3418 ma

2419 3703 2619 3800 Reges
